<?xml version="1.0" encoding="UTF-8"?>
<!DOCTYPE html PUBLIC "-//W3C//DTD XHTML 1.0 Transitional//EN"
    "http://www.w3.org/TR/xhtml1/DTD/xhtml1-transitional.dtd">
<html xmlns="http://www.w3.org/1999/xhtml" xml:lang="en" lang="en">
 <head>
  <title>
</title>
<meta http-equiv="Content-Type" content="text/html;charset=utf-8" />
  <meta name='ocr-system' content='tesseract 3.04.00' />
  <meta name='ocr-capabilities' content='ocr_page ocr_carea ocr_par ocr_line ocrx_word'/>
</head>
<body>
  <div class='ocr_page' id='page_1' title='image "./deconiurationec01sallgoog_0237.png"; bbox 0 0 2602 4358; ppageno 0'>
   <div class='ocr_carea' id='block_1_1' title="bbox 339 475 1026 665">
    <p class='ocr_par' dir='ltr' id='par_1_1' title="bbox 339 475 1026 665">
     <span class='ocr_line' id='line_1_1' title="bbox 339 475 1026 544; baseline -0.01 0"><span class='ocrx_word' id='word_1_1' title='bbox 339 481 391 544; x_wconf 81' lang='lat' dir='ltr'><strong>EX</strong></span> <span class='ocrx_word' id='word_1_2' title='bbox 412 480 595 543; x_wconf 77' lang='lat' dir='ltr'><strong>srnnusrl</strong></span> <span class='ocrx_word' id='word_1_3' title='bbox 617 476 739 540; x_wconf 82' lang='lat' dir='ltr'><strong>CRlSPl</strong></span> <span class='ocrx_word' id='word_1_4' title='bbox 762 475 1026 539; x_wconf 78' lang='lat' dir='ltr'><strong>fllsroultrtttlt</strong></span> 
     </span>
     <span class='ocr_line' id='line_1_2' title="bbox 578 609 793 665; baseline -0.014 0"><span class='ocrx_word' id='word_1_5' title='bbox 578 610 674 665; x_wconf 70' lang='lat' dir='ltr'><strong>usito</strong></span> <span class='ocrx_word' id='word_1_6' title='bbox 692 609 793 664; x_wconf 80' lang='lat' dir='ltr'><strong>PRIMO</strong></span> 
     </span>
    </p>
   </div>
   <div class='ocr_carea' id='block_1_2' title="bbox 301 726 1067 832">
    <p class='ocr_par' dir='ltr' id='par_1_2' title="bbox 301 726 1067 832">
     <span class='ocr_line' id='line_1_3' title="bbox 301 726 1067 832; baseline -0.009 0"><span class='ocrx_word' id='word_1_7' title='bbox 301 730 504 832; x_wconf 85' lang='lat' dir='ltr'><strong>ORATIO</strong></span> <span class='ocrx_word' id='word_1_8' title='bbox 535 730 582 827; x_wconf 90' lang='lat' dir='ltr'><strong>L.</strong></span> <span class='ocrx_word' id='word_1_9' title='bbox 615 728 793 828; x_wconf 76' lang='lat' dir='ltr'><strong>ullor</strong></span> <span class='ocrx_word' id='word_1_10' title='bbox 821 726 1067 829; x_wconf 85' lang='lat' dir='ltr'>PHILIPPI</span> 
     </span>
    </p>
   </div>
   <div class='ocr_carea' id='block_1_3' title="bbox 357 900 1010 1103">
    <p class='ocr_par' dir='ltr' id='par_1_3' title="bbox 357 900 1010 1103">
     <span class='ocr_line' id='line_1_4' title="bbox 575 900 797 965; baseline -0.009 -1"><span class='ocrx_word' id='word_1_11' title='bbox 575 903 614 964; x_wconf 85' lang='lat' dir='ltr'><strong>IN</strong></span> <span class='ocrx_word' id='word_1_12' title='bbox 637 900 797 965; x_wconf 77' lang='lat' dir='ltr'><strong>SENATU.</strong></span> 
     </span>
     <span class='ocr_line' id='line_1_5' title="bbox 357 1031 1010 1103; baseline -0.002 -15"><span class='ocrx_word' id='word_1_13' title='bbox 357 1036 433 1101; x_wconf 87' lang='lat' dir='ltr'><strong>(llist.</strong></span> <span class='ocrx_word' id='word_1_14' title='bbox 452 1035 540 1103; x_wconf 79' lang='lat' dir='ltr'><strong>fragm.</strong></span> <span class='ocrx_word' id='word_1_15' title='bbox 561 1039 584 1101; x_wconf 85' lang='lat'><strong>1,</strong></span> <span class='ocrx_word' id='word_1_16' title='bbox 602 1038 632 1089; x_wconf 81' lang='lat'><strong>51</strong></span> <span class='ocrx_word' id='word_1_17' title='bbox 653 1037 696 1103; x_wconf 83' lang='lat'><strong>(56</strong></span> <span class='ocrx_word' id='word_1_18' title='bbox 714 1034 740 1088; x_wconf 83' lang='lat' dir='ltr'><strong>k.</strong></span> <span class='ocrx_word' id='word_1_19' title='bbox 757 1034 799 1099; x_wconf 79' lang='grc' dir='ltr'><strong>Δ.)</strong></span> <span class='ocrx_word' id='word_1_20' title='bbox 816 1032 858 1087; x_wconf 86' lang='lat' dir='ltr'><strong>llr.</strong></span> <span class='ocrx_word' id='word_1_21' title='bbox 881 1036 952 1098; x_wconf 78' lang='grc'><strong>1,48</strong></span> <span class='ocrx_word' id='word_1_22' title='bbox 970 1031 1010 1101; x_wconf 86' lang='lat' dir='ltr'><strong>b.)</strong></span> 
     </span>
    </p>
   </div>
   <div class='ocr_carea' id='block_1_4' title="bbox 118 1170 1226 2276">
    <p class='ocr_par' dir='ltr' id='par_1_4' title="bbox 148 1170 1226 1595">
     <span class='ocr_line' id='line_1_6' title="bbox 231 1170 1225 1254; baseline 0 -19"><span class='ocrx_word' id='word_1_23' title='bbox 231 1174 367 1237; x_wconf 78' lang='lat' dir='ltr'><strong>Maxume</strong></span> <span class='ocrx_word' id='word_1_24' title='bbox 387 1174 507 1250; x_wconf 83' lang='lat' dir='ltr'><strong>vellem,</strong></span> <span class='ocrx_word' id='word_1_25' title='bbox 529 1182 629 1254; x_wconf 89' lang='lat' dir='ltr'><strong>patres</strong></span> <span class='ocrx_word' id='word_1_26' title='bbox 650 1171 827 1254; x_wconf 78' lang='lat' dir='ltr'><strong>conscripti,</strong></span> <span class='ocrx_word' id='word_1_27' title='bbox 850 1190 913 1234; x_wconf 92' lang='lat' dir='ltr'><strong>rem</strong></span> <span class='ocrx_word' id='word_1_28' title='bbox 928 1171 1077 1253; x_wconf 80' lang='lat' dir='ltr'><strong>publicam</strong></span> <span class='ocrx_word' id='word_1_29' title='bbox 1092 1170 1225 1253; x_wconf 88' lang='lat' dir='ltr'><strong>quietam</strong></span> 
     </span>
     <span class='ocr_line' id='line_1_7' title="bbox 149 1256 1226 1340; baseline -0.003 -18"><span class='ocrx_word' id='word_1_30' title='bbox 149 1278 213 1322; x_wconf 89' lang='lat' dir='ltr'><strong>esse</strong></span> <span class='ocrx_word' id='word_1_31' title='bbox 228 1261 324 1321; x_wconf 90' lang='lat' dir='ltr'><strong>autin</strong></span> <span class='ocrx_word' id='word_1_32' title='bbox 339 1258 481 1339; x_wconf 89' lang='lat' dir='ltr'><strong>periculis</strong></span> <span class='ocrx_word' id='word_1_33' title='bbox 503 1278 519 1321; x_wconf 88' lang='lat' dir='ltr'><strong>a</strong></span> <span class='ocrx_word' id='word_1_34' title='bbox 540 1259 772 1340; x_wconf 80' lang='lat' dir='ltr'><strong>promptissumo</strong></span> <span class='ocrx_word' id='word_1_35' title='bbox 795 1275 915 1337; x_wconf 85' lang='lat' dir='ltr'><strong>quoque</strong></span> <span class='ocrx_word' id='word_1_36' title='bbox 936 1256 1070 1333; x_wconf 79' lang='lat' dir='ltr'><strong>deiendi3</strong></span> <span class='ocrx_word' id='word_1_37' title='bbox 1093 1256 1226 1339; x_wconf 83' lang='lat' dir='ltr'><strong>donique</strong></span> 
     </span>
     <span class='ocr_line' id='line_1_8' title="bbox 148 1340 1225 1426; baseline -0.001 -20"><span class='ocrx_word' id='word_1_38' title='bbox 148 1364 234 1426; x_wconf 83' lang='lat' dir='ltr'><strong>praua</strong></span> <span class='ocrx_word' id='word_1_39' title='bbox 250 1345 368 1423; x_wconf 86' lang='lat' dir='ltr'><strong>incepta</strong></span> <span class='ocrx_word' id='word_1_40' title='bbox 384 1343 606 1407; x_wconf 78' lang='lat' dir='ltr'><strong>consultoribus</strong></span> <span class='ocrx_word' id='word_1_41' title='bbox 622 1363 717 1406; x_wconf 84' lang='lat' dir='ltr'><strong>noxae</strong></span> <span class='ocrx_word' id='word_1_42' title='bbox 733 1360 806 1404; x_wconf 84' lang='lat' dir='ltr'><strong>esse.</strong></span> <span class='ocrx_word' id='word_1_43' title='bbox 833 1342 891 1404; x_wconf 91' lang='lat' dir='ltr'><strong>Sed</strong></span> <span class='ocrx_word' id='word_1_44' title='bbox 907 1349 1011 1404; x_wconf 91' lang='lat' dir='ltr'><strong>contra</strong></span> <span class='ocrx_word' id='word_1_45' title='bbox 1026 1340 1225 1405; x_wconf 81' lang='lat' dir='ltr'><strong>seditionibus</strong></span> 
     </span>
     <span class='ocr_line' id='line_1_9' title="bbox 148 1426 1225 1511; baseline -0.001 -20"><span class='ocrx_word' id='word_1_46' title='bbox 148 1431 246 1492; x_wconf 89' lang='lat' dir='ltr'><strong>omnia</strong></span> <span class='ocrx_word' id='word_1_47' title='bbox 262 1429 377 1492; x_wconf 86' lang='lat' dir='ltr'><strong>turbata</strong></span> <span class='ocrx_word' id='word_1_48' title='bbox 393 1438 472 1506; x_wconf 82' lang='lat' dir='ltr'><strong>sunt,</strong></span> <span class='ocrx_word' id='word_1_49' title='bbox 489 1438 518 1492; x_wconf 90' lang='lat' dir='ltr'><strong>et</strong></span> <span class='ocrx_word' id='word_1_50' title='bbox 532 1428 568 1492; x_wconf 90' lang='lat' dir='ltr'><strong>ab</strong></span> <span class='ocrx_word' id='word_1_51' title='bbox 585 1430 638 1506; x_wconf 89' lang='lat' dir='ltr'><strong>eis,</strong></span> <span class='ocrx_word' id='word_1_52' title='bbox 654 1447 729 1510; x_wconf 90' lang='lat' dir='ltr'><strong>quos</strong></span> <span class='ocrx_word' id='word_1_53' title='bbox 741 1426 899 1511; x_wconf 89' lang='lat' dir='ltr'><strong>probibere</strong></span> <span class='ocrx_word' id='word_1_54' title='bbox 910 1427 1004 1508; x_wconf 81' lang='lat' dir='ltr'><strong>magis</strong></span> <span class='ocrx_word' id='word_1_55' title='bbox 1015 1427 1153 1504; x_wconf 84' lang='lat' dir='ltr'><strong>decebat3</strong></span> <span class='ocrx_word' id='word_1_56' title='bbox 1168 1446 1225 1509; x_wconf 92' lang='lat' dir='ltr'><strong>po·</strong></span> 
     </span>
     <span class='ocr_line' id='line_1_10' title="bbox 148 1512 1225 1595; baseline -0.002 -18"><span class='ocrx_word' id='word_1_57' title='bbox 148 1524 276 1591; x_wconf 84' lang='lat' dir='ltr'><strong>stremo,</strong></span> <span class='ocrx_word' id='word_1_58' title='bbox 299 1533 374 1595; x_wconf 90' lang='lat' dir='ltr'><strong>quae</strong></span> <span class='ocrx_word' id='word_1_59' title='bbox 396 1515 528 1595; x_wconf 83' lang='lat' dir='ltr'><strong>pessumi</strong></span> <span class='ocrx_word' id='word_1_60' title='bbox 550 1524 579 1576; x_wconf 85' lang='lat' dir='ltr'><strong>et</strong></span> <span class='ocrx_word' id='word_1_61' title='bbox 593 1513 770 1577; x_wconf 85' lang='lat' dir='ltr'><strong>stultissumi</strong></span> <span class='ocrx_word' id='word_1_62' title='bbox 786 1512 958 1590; x_wconf 82' lang='lat' dir='ltr'><strong>decrevero,</strong></span> <span class='ocrx_word' id='word_1_63' title='bbox 979 1532 1013 1576; x_wconf 85' lang='lat' dir='ltr'><strong>ca</strong></span> <span class='ocrx_word' id='word_1_64' title='bbox 1027 1512 1116 1575; x_wconf 89' lang='lat' dir='ltr'><strong>bonis</strong></span> <span class='ocrx_word' id='word_1_65' title='bbox 1132 1518 1164 1575; x_wconf 84' lang='lat' dir='ltr'><strong>et</strong></span> <span class='ocrx_word' id='word_1_66' title='bbox 1177 1532 1225 1575; x_wconf 88' lang='lat' dir='ltr'><strong>sa·</strong></span> 
     </span>
    </p>

    <p class='ocr_par' dir='ltr' id='par_1_5' title="bbox 118 1598 1226 2276">
     <span class='ocr_line' id='line_1_11' title="bbox 119 1598 1226 1681; baseline -0.004 -17"><span class='ocrx_word' id='word_1_67' title='bbox 119 1601 299 1681; x_wconf 77' lang='lat' dir='ltr'><strong>tpientibus</strong></span> <span class='ocrx_word' id='word_1_68' title='bbox 319 1599 455 1663; x_wconf 81' lang='lat' dir='ltr'><strong>faciunda</strong></span> <span class='ocrx_word' id='word_1_69' title='bbox 476 1609 556 1662; x_wconf 88' lang='lat' dir='ltr'><strong>sunt.</strong></span> <span class='ocrx_word' id='word_1_70' title='bbox 592 1601 664 1661; x_wconf 89' lang='lat' dir='ltr'><strong>Nam</strong></span> <span class='ocrx_word' id='word_1_71' title='bbox 686 1598 796 1661; x_wconf 88' lang='lat' dir='ltr'><strong>bellum</strong></span> <span class='ocrx_word' id='word_1_72' title='bbox 817 1607 906 1679; x_wconf 83' lang='lat' dir='ltr'><strong>atque</strong></span> <span class='ocrx_word' id='word_1_73' title='bbox 925 1616 1022 1672; x_wconf 91' lang='lat' dir='ltr'><strong>arma,</strong></span> <span class='ocrx_word' id='word_1_74' title='bbox 1044 1616 1226 1681; x_wconf 79' lang='lat' dir='ltr'><strong>quamquam</strong></span> 
     </span>
     <span class='ocr_line' id='line_1_12' title="bbox 147 1683 1226 1767; baseline 0.001 -23"><span class='ocrx_word' id='word_1_75' title='bbox 147 1685 230 1748; x_wconf 86' lang='lat' dir='ltr'><strong>vobis</strong></span> <span class='ocrx_word' id='word_1_76' title='bbox 245 1685 355 1761; x_wconf 83' lang='lat' dir='ltr'><strong>inrisa,</strong></span> <span class='ocrx_word' id='word_1_77' title='bbox 378 1694 494 1760; x_wconf 87' lang='lat' dir='ltr'><strong>tamen,</strong></span> <span class='ocrx_word' id='word_1_78' title='bbox 518 1685 585 1765; x_wconf 89' lang='lat' dir='ltr'><strong>quia</strong></span> <span class='ocrx_word' id='word_1_79' title='bbox 600 1684 712 1767; x_wconf 93' lang='lat' dir='ltr'><strong>Lepido</strong></span> <span class='ocrx_word' id='word_1_80' title='bbox 735 1685 869 1765; x_wconf 82' lang='lat' dir='ltr'><strong>placent,</strong></span> <span class='ocrx_word' id='word_1_81' title='bbox 892 1684 1038 1746; x_wconf 82' lang='lat' dir='ltr'><strong>sumunda</strong></span> <span class='ocrx_word' id='word_1_82' title='bbox 1054 1691 1143 1746; x_wconf 82' lang='lat' dir='ltr'><strong>sunt:</strong></span> <span class='ocrx_word' id='word_1_83' title='bbox 1166 1683 1226 1745; x_wconf 91' lang='lat' dir='ltr'><strong>uisi</strong></span> 
     </span>
     <span class='ocr_line' id='line_1_13' title="bbox 118 1766 1226 1850; baseline -0.004 -15"><span class='ocrx_word' id='word_1_84' title='bbox 118 1772 223 1835; x_wconf 74' lang='lat' dir='ltr'><strong>niorto</strong></span> <span class='ocrx_word' id='word_1_85' title='bbox 245 1771 293 1831; x_wconf 92' lang='lat' dir='ltr'><strong>cui</strong></span> <span class='ocrx_word' id='word_1_86' title='bbox 314 1787 418 1850; x_wconf 87' lang='lat' dir='ltr'><strong>pacem</strong></span> <span class='ocrx_word' id='word_1_87' title='bbox 432 1777 582 1850; x_wconf 87' lang='lat' dir='ltr'><strong>praestare</strong></span> <span class='ocrx_word' id='word_1_88' title='bbox 597 1780 627 1832; x_wconf 91' lang='lat' dir='ltr'><strong>et</strong></span> <span class='ocrx_word' id='word_1_89' title='bbox 641 1769 751 1832; x_wconf 92' lang='lat' dir='ltr'><strong>bellum</strong></span> <span class='ocrx_word' id='word_1_90' title='bbox 772 1770 833 1849; x_wconf 92' lang='lat' dir='ltr'><strong>pati</strong></span> <span class='ocrx_word' id='word_1_91' title='bbox 857 1768 1014 1831; x_wconf 91' lang='lat' dir='ltr'><strong>consilium</strong></span> <span class='ocrx_word' id='word_1_92' title='bbox 1029 1776 1083 1832; x_wconf 89' lang='lat' dir='ltr'><strong>est.</strong></span> <span class='ocrx_word' id='word_1_93' title='bbox 1120 1766 1181 1831; x_wconf 88' lang='lat' dir='ltr'><strong>Pro</strong></span> <span class='ocrx_word' id='word_1_94' title='bbox 1196 1768 1226 1831; x_wconf 95' lang='lat' dir='ltr'><strong>di</strong></span> 
     </span>
     <span class='ocr_line' id='line_1_14' title="bbox 148 1852 1226 1935; baseline 0.001 -19"><span class='ocrx_word' id='word_1_95' title='bbox 148 1855 236 1930; x_wconf 94' lang='lat' dir='ltr'><strong>boni,</strong></span> <span class='ocrx_word' id='word_1_96' title='bbox 259 1855 311 1935; x_wconf 92' lang='lat' dir='ltr'><strong>qui</strong></span> <span class='ocrx_word' id='word_1_97' title='bbox 325 1855 403 1917; x_wconf 88' lang='lat' dir='ltr'><strong>bano</strong></span> <span class='ocrx_word' id='word_1_98' title='bbox 417 1854 523 1916; x_wconf 90' lang='lat' dir='ltr'><strong>urbem</strong></span> <span class='ocrx_word' id='word_1_99' title='bbox 538 1855 643 1917; x_wconf 87' lang='lat' dir='ltr'><strong>amissa</strong></span> <span class='ocrx_word' id='word_1_100' title='bbox 659 1854 739 1916; x_wconf 89' lang='lat' dir='ltr'><strong>curia</strong></span> <span class='ocrx_word' id='word_1_101' title='bbox 754 1854 850 1915; x_wconf 89' lang='lat' dir='ltr'><strong>adbuc</strong></span> <span class='ocrx_word' id='word_1_102' title='bbox 864 1853 979 1933; x_wconf 77' lang='lat' dir='ltr'><strong>tegitis!</strong></span> <span class='ocrx_word' id='word_1_103' title='bbox 1016 1853 1055 1916; x_wconf 87' lang='lat' dir='ltr'><strong>ll.</strong></span> <span class='ocrx_word' id='word_1_104' title='bbox 1071 1852 1226 1932; x_wconf 77' lang='lat' dir='ltr'><strong>Aemilius,</strong></span> 
     </span>
     <span class='ocr_line' id='line_1_15' title="bbox 149 1938 1226 2020; baseline 0.002 -20"><span class='ocrx_word' id='word_1_105' title='bbox 149 1940 282 2002; x_wconf 92' lang='lat' dir='ltr'><strong>omnium</strong></span> <span class='ocrx_word' id='word_1_106' title='bbox 297 1939 510 2018; x_wconf 80' lang='lat' dir='ltr'><strong>flagitiosorum</strong></span> <span class='ocrx_word' id='word_1_107' title='bbox 526 1950 710 2020; x_wconf 90' lang='lat' dir='ltr'><strong>postremus,</strong></span> <span class='ocrx_word' id='word_1_108' title='bbox 732 1940 784 2018; x_wconf 85' lang='lat' dir='ltr'><strong>qui</strong></span> <span class='ocrx_word' id='word_1_109' title='bbox 799 1939 885 2019; x_wconf 89' lang='lat' dir='ltr'><strong>peior</strong></span> <span class='ocrx_word' id='word_1_110' title='bbox 898 1957 935 2000; x_wconf 93' lang='lat' dir='ltr'><strong>an</strong></span> <span class='ocrx_word' id='word_1_111' title='bbox 951 1939 1084 2019; x_wconf 82' lang='lat' dir='ltr'><strong>ignavior</strong></span> <span class='ocrx_word' id='word_1_112' title='bbox 1098 1938 1137 2001; x_wconf 92' lang='lat' dir='ltr'><strong>sit</strong></span> <span class='ocrx_word' id='word_1_113' title='bbox 1151 1938 1226 2002; x_wconf 90' lang='lat' dir='ltr'><strong>deli·</strong></span> 
     </span>
     <span class='ocr_line' id='line_1_16' title="bbox 148 2023 1226 2105; baseline 0 -20"><span class='ocrx_word' id='word_1_114' title='bbox 148 2025 245 2086; x_wconf 81' lang='lat' dir='ltr'><strong>bereri</strong></span> <span class='ocrx_word' id='word_1_115' title='bbox 262 2043 323 2087; x_wconf 93' lang='lat' dir='ltr'><strong>nou</strong></span> <span class='ocrx_word' id='word_1_116' title='bbox 339 2033 453 2105; x_wconf 84' lang='lat' dir='ltr'><strong>potest,</strong></span> <span class='ocrx_word' id='word_1_117' title='bbox 475 2026 636 2087; x_wconf 82' lang='lat' dir='ltr'><strong>exercitum</strong></span> <span class='ocrx_word' id='word_1_118' title='bbox 652 2024 868 2105; x_wconf 86' lang='lat' dir='ltr'><strong>opprimundae</strong></span> <span class='ocrx_word' id='word_1_119' title='bbox 889 2023 1031 2086; x_wconf 82' lang='lat' dir='ltr'><strong>libertatis</strong></span> <span class='ocrx_word' id='word_1_120' title='bbox 1044 2023 1135 2086; x_wconf 85' lang='lat' dir='ltr'><strong>habet</strong></span> <span class='ocrx_word' id='word_1_121' title='bbox 1149 2034 1180 2087; x_wconf 90' lang='lat' dir='ltr'><strong>et</strong></span> <span class='ocrx_word' id='word_1_122' title='bbox 1194 2042 1226 2085; x_wconf 88' lang='lat' dir='ltr'><strong>se</strong></span> 
     </span>
     <span class='ocr_line' id='line_1_17' title="bbox 149 2109 1226 2190; baseline 0.001 -20"><span class='ocrx_word' id='word_1_123' title='bbox 149 2118 351 2190; x_wconf 90' lang='lat' dir='ltr'><strong>econtempto</strong></span> <span class='ocrx_word' id='word_1_124' title='bbox 372 2109 563 2171; x_wconf 88' lang='lat' dir='ltr'><strong>metuendum</strong></span> <span class='ocrx_word' id='word_1_125' title='bbox 588 2110 698 2172; x_wconf 80' lang='lat' dir='ltr'><strong>effecit:</strong></span> <span class='ocrx_word' id='word_1_126' title='bbox 722 2127 774 2170; x_wconf 90' lang='lat' dir='ltr'><strong>vos</strong></span> <span class='ocrx_word' id='word_1_127' title='bbox 795 2118 961 2171; x_wconf 88' lang='lat' dir='ltr'><strong>mussantes</strong></span> <span class='ocrx_word' id='word_1_128' title='bbox 983 2117 1012 2171; x_wconf 87' lang='lat' dir='ltr'><strong>et</strong></span> <span class='ocrx_word' id='word_1_129' title='bbox 1032 2116 1226 2172; x_wconf 87' lang='lat' dir='ltr'><strong>retractantes</strong></span> 
     </span>
     <span class='ocr_line' id='line_1_18' title="bbox 149 2193 1226 2276; baseline 0.003 -23"><span class='ocrx_word' id='word_1_130' title='bbox 149 2193 246 2256; x_wconf 85' lang='lat' dir='ltr'><strong>verbis</strong></span> <span class='ocrx_word' id='word_1_131' title='bbox 269 2201 298 2255; x_wconf 90' lang='lat' dir='ltr'><strong>et</strong></span> <span class='ocrx_word' id='word_1_132' title='bbox 320 2203 417 2256; x_wconf 88' lang='lat' dir='ltr'><strong>vatum</strong></span> <span class='ocrx_word' id='word_1_133' title='bbox 439 2194 620 2257; x_wconf 90' lang='lat' dir='ltr'><strong>carminibus</strong></span> <span class='ocrx_word' id='word_1_134' title='bbox 642 2213 746 2276; x_wconf 90' lang='lat' dir='ltr'><strong>paoem</strong></span> <span class='ocrx_word' id='word_1_135' title='bbox 767 2193 874 2274; x_wconf 89' lang='lat' dir='ltr'><strong>optatis</strong></span> <span class='ocrx_word' id='word_1_136' title='bbox 898 2193 991 2273; x_wconf 80' lang='lat' dir='ltr'><strong>magis</strong></span> <span class='ocrx_word' id='word_1_137' title='bbox 1012 2212 1099 2275; x_wconf 87' lang='lat' dir='ltr'><strong>quam</strong></span> <span class='ocrx_word' id='word_1_138' title='bbox 1122 2193 1226 2257; x_wconf 85' lang='lat' dir='ltr'><strong>delen·</strong></span> 
     </span>
    </p>
   </div>
   <div class='ocr_carea' id='block_1_5' title="bbox 148 2326 1230 3549">
    <p class='ocr_par' dir='ltr' id='par_1_6' title="bbox 148 2326 1228 2600">
     <span class='ocr_line' id='line_1_19' title="bbox 186 2326 1226 2395; baseline 0.002 -17"><span class='ocrx_word' id='word_1_139' title='bbox 186 2330 208 2378; x_wconf 91' lang='lat'><strong>1.</strong></span> <span class='ocrx_word' id='word_1_140' title='bbox 227 2342 316 2393; x_wconf 83' lang='lat' dir='ltr'><strong>prava</strong></span> <span class='ocrx_word' id='word_1_141' title='bbox 335 2329 441 2392; x_wconf 77' lang='lat' dir='ltr'><strong>incepta</strong></span> <span class='ocrx_word' id='word_1_142' title='bbox 459 2330 508 2378; x_wconf 89' lang='lat' dir='ltr'><strong>etc.</strong></span> <span class='ocrx_word' id='word_1_143' title='bbox 532 2326 611 2379; x_wconf 85' lang='lat' dir='ltr'><strong>Varro</strong></span> <span class='ocrx_word' id='word_1_144' title='bbox 629 2326 662 2380; x_wconf 84' lang='lat' dir='ltr'><strong>de</strong></span> <span class='ocrx_word' id='word_1_145' title='bbox 714 2327 810 2379; x_wconf 82' lang='lat' dir='ltr'><strong>bollum</strong></span> <span class='ocrx_word' id='word_1_146' title='bbox 834 2333 960 2395; x_wconf 81' lang='lat' dir='ltr'><strong>pararet,</strong></span> <span class='ocrx_word' id='word_1_147' title='bbox 985 2343 1031 2379; x_wconf 80' lang='lat' dir='ltr'><strong>uos</strong></span> <span class='ocrx_word' id='word_1_148' title='bbox 1053 2331 1079 2378; x_wconf 82' lang='lat' dir='ltr'><strong>ai</strong></span> <span class='ocrx_word' id='word_1_149' title='bbox 1101 2342 1226 2380; x_wconf 70' lang='lat' dir='ltr'><strong>eorunm</strong></span> 
     </span>
     <span class='ocr_line' id='line_1_20' title="bbox 149 2393 1227 2463; baseline 0.002 -18"><span class='ocrx_word' id='word_1_150' title='bbox 149 2409 168 2445; x_wconf 91' lang='lat' dir='ltr'><strong>r.</strong></span> <span class='ocrx_word' id='word_1_151' title='bbox 187 2410 207 2446; x_wconf 90' lang='lat' dir='ltr'><strong>r.</strong></span> <span class='ocrx_word' id='word_1_152' title='bbox 225 2397 250 2460; x_wconf 81' lang='lat'><strong>³,</strong></span> <span class='ocrx_word' id='word_1_153' title='bbox 268 2396 283 2447; x_wconf 82' lang='lat'>2</span> <span class='ocrx_word' id='word_1_154' title='bbox 301 2393 417 2446; x_wconf 80' lang='lat' dir='ltr'><strong>eruribut</strong></span> <span class='ocrx_word' id='word_1_155' title='bbox 434 2394 472 2447; x_wconf 77' lang='lat' dir='ltr'><strong>als</strong></span> <span class='ocrx_word' id='word_1_156' title='bbox 489 2394 662 2462; x_wconf 79' lang='lat' dir='ltr'><strong>sprircbwdrt·</strong></span> <span class='ocrx_word' id='word_1_157' title='bbox 710 2399 1168 2463; x_wconf 77' lang='lat' dir='ltr'><strong>pneompraestareta&#39;s:quamquam</strong></span> <span class='ocrx_word' id='word_1_158' title='bbox 1177 2399 1227 2447; x_wconf 79' lang='lat' dir='ltr'><strong>mi·</strong></span> 
     </span>
     <span class='ocr_line' id='line_1_21' title="bbox 148 2461 1228 2531; baseline 0.003 -19"><span class='ocrx_word' id='word_1_159' title='bbox 148 2461 200 2514; x_wconf 86' lang='lat' dir='ltr'><strong>licit</strong></span> <span class='ocrx_word' id='word_1_160' title='bbox 224 2461 273 2515; x_wconf 88' lang='lat' dir='ltr'><strong>den</strong></span> <span class='ocrx_word' id='word_1_161' title='bbox 291 2462 368 2515; x_wconf 86' lang='lat' dir='ltr'><strong>Vers:</strong></span> <span class='ocrx_word' id='word_1_162' title='bbox 394 2463 494 2514; x_wconf 81' lang='lat' dir='ltr'><strong>malum</strong></span> <span class='ocrx_word' id='word_1_163' title='bbox 518 2465 660 2515; x_wconf 81' lang='lat' dir='ltr'><strong>consilium</strong></span> <span class='ocrx_word' id='word_1_164' title='bbox 713 2466 743 2515; x_wconf 84' lang='lat' dir='ltr'><strong>bi</strong></span> <span class='ocrx_word' id='word_1_165' title='bbox 760 2464 866 2530; x_wconf 82' lang='lat' dir='ltr'><strong>puidam</strong></span> <span class='ocrx_word' id='word_1_166' title='bbox 884 2479 938 2515; x_wconf 81' lang='lat' dir='ltr'><strong>non</strong></span> <span class='ocrx_word' id='word_1_167' title='bbox 955 2480 1056 2531; x_wconf 78' lang='lat' dir='ltr'><strong>parare</strong></span> <span class='ocrx_word' id='word_1_168' title='bbox 1072 2464 1121 2515; x_wconf 81' lang='lat' dir='ltr'><strong>aad</strong></span> <span class='ocrx_word' id='word_1_169' title='bbox 1129 2479 1228 2529; x_wconf 77' lang='lat' dir='ltr'><strong>gerare</strong></span> 
     </span>
     <span class='ocr_line' id='line_1_22' title="bbox 150 2531 1078 2600; baseline 0.001 -18"><span class='ocrx_word' id='word_1_170' title='bbox 150 2531 300 2582; x_wconf 78' lang='lat' dir='ltr'><strong>consultori</strong></span> <span class='ocrx_word' id='word_1_171' title='bbox 318 2536 356 2582; x_wconf 80' lang='lat' dir='ltr'><strong>ost</strong></span> <span class='ocrx_word' id='word_1_172' title='bbox 371 2535 523 2597; x_wconf 76' lang='lat' dir='ltr'><strong>pessimum.</strong></span> <span class='ocrx_word' id='word_1_173' title='bbox 712 2549 798 2600; x_wconf 83' lang='lat' dir='ltr'><strong>poene</strong></span> <span class='ocrx_word' id='word_1_174' title='bbox 816 2531 912 2583; x_wconf 82' lang='lat' dir='ltr'><strong>bellum</strong></span> <span class='ocrx_word' id='word_1_175' title='bbox 930 2532 1078 2583; x_wconf 79' lang='lat' dir='ltr'><strong>videbatur.</strong></span> 
     </span>
    </p>

    <p class='ocr_par' dir='ltr' id='par_1_7' title="bbox 149 2598 1230 2802">
     <span class='ocr_line' id='line_1_23' title="bbox 183 2598 1228 2666; baseline 0.003 -16"><span class='ocrx_word' id='word_1_176' title='bbox 183 2600 231 2650; x_wconf 79' lang='lat' dir='ltr'><strong>aad</strong></span> <span class='ocrx_word' id='word_1_177' title='bbox 248 2604 344 2650; x_wconf 80' lang='lat' dir='ltr'><strong>eontra</strong></span> <span class='ocrx_word' id='word_1_178' title='bbox 362 2603 411 2651; x_wconf 90' lang='lat' dir='ltr'><strong>etc.</strong></span> <span class='ocrx_word' id='word_1_179' title='bbox 446 2599 597 2666; x_wconf 82' lang='lat' dir='ltr'><strong>Anaphora;</strong></span> <span class='ocrx_word' id='word_1_180' title='bbox 620 2599 661 2652; x_wconf 92' lang='lat' dir='ltr'><strong>die</strong></span> <span class='ocrx_word' id='word_1_181' title='bbox 748 2603 846 2651; x_wconf 79' lang='lat' dir='ltr'><strong>amissa</strong></span> <span class='ocrx_word' id='word_1_182' title='bbox 865 2603 957 2651; x_wconf 77' lang='lat' dir='ltr'><strong>ouria:</strong></span> <span class='ocrx_word' id='word_1_183' title='bbox 975 2599 1023 2652; x_wconf 77' lang='lat' dir='ltr'><strong>lter</strong></span> <span class='ocrx_word' id='word_1_184' title='bbox 1036 2598 1228 2653; x_wconf 77' lang='lat' dir='ltr'><strong>Abl.nbs.bcn.</strong></span> 
     </span>
     <span class='ocr_line' id='line_1_24' title="bbox 149 2666 1228 2735; baseline 0.002 -17"><span class='ocrx_word' id='word_1_185' title='bbox 149 2666 662 2735; x_wconf 77' lang='lat' dir='ltr'><strong>lolg.dreiGedtnlreneutsprecbeneiu-</strong></span> <span class='ocrx_word' id='word_1_186' title='bbox 714 2668 760 2720; x_wconf 86' lang='lat' dir='ltr'><strong>auf</strong></span> <span class='ocrx_word' id='word_1_187' title='bbox 774 2669 883 2732; x_wconf 63' lang='lat' dir='ltr'><strong>uriom</strong></span> <span class='ocrx_word' id='word_1_188' title='bbox 912 2667 956 2719; x_wconf 91' lang='lat' dir='ltr'><strong>der</strong></span> <span class='ocrx_word' id='word_1_189' title='bbox 977 2667 1040 2720; x_wconf 87' lang='lat' dir='ltr'><strong>Sino</strong></span> <span class='ocrx_word' id='word_1_190' title='bbox 1064 2667 1123 2730; x_wconf 84' lang='lat' dir='ltr'><strong>„die</strong></span> <span class='ocrx_word' id='word_1_191' title='bbox 1143 2666 1228 2733; x_wconf 87' lang='lat' dir='ltr'><strong>Sladt,</strong></span> 
     </span>
     <span class='ocr_line' id='line_1_25' title="bbox 149 2733 1230 2802; baseline 0.002 -16"><span class='ocrx_word' id='word_1_192' title='bbox 149 2735 206 2787; x_wconf 84' lang='lat' dir='ltr'><strong>aeln</strong></span> <span class='ocrx_word' id='word_1_193' title='bbox 224 2734 306 2786; x_wconf 88' lang='lat' dir='ltr'><strong>denen</strong></span> <span class='ocrx_word' id='word_1_194' title='bbox 324 2734 370 2786; x_wconf 89' lang='lat' dir='ltr'><strong>der</strong></span> <span class='ocrx_word' id='word_1_195' title='bbox 386 2735 493 2802; x_wconf 75' lang='lat' dir='ltr'><strong>rotigen</strong></span> <span class='ocrx_word' id='word_1_196' title='bbox 511 2735 626 2789; x_wconf 89' lang='lat' dir='ltr'><strong>Periode.</strong></span> <span class='ocrx_word' id='word_1_197' title='bbox 713 2735 812 2789; x_wconf 85' lang='lat' dir='ltr'><strong>welche</strong></span> <span class='ocrx_word' id='word_1_198' title='bbox 829 2735 905 2788; x_wconf 86' lang='lat' dir='ltr'><strong>keine</strong></span> <span class='ocrx_word' id='word_1_199' title='bbox 928 2736 1014 2801; x_wconf 79' lang='lat' dir='ltr'><strong>Curio,</strong></span> <span class='ocrx_word' id='word_1_200' title='bbox 1037 2734 1131 2789; x_wconf 81' lang='lat' dir='ltr'><strong>keiueu</strong></span> <span class='ocrx_word' id='word_1_201' title='bbox 1149 2733 1230 2789; x_wconf 66' lang='lat' dir='ltr'><strong>Serum</strong></span> 
     </span>
    </p>

    <p class='ocr_par' dir='ltr' id='par_1_8' title="bbox 150 2803 1229 3485">
     <span class='ocr_line' id='line_1_26' title="bbox 185 2803 1227 2872; baseline 0.006 -20"><span class='ocrx_word' id='word_1_202' title='bbox 185 2808 210 2853; x_wconf 83' lang='lat' dir='ltr'><strong>et</strong></span> <span class='ocrx_word' id='word_1_203' title='bbox 227 2804 260 2853; x_wconf 83' lang='lat' dir='ltr'><strong>ab</strong></span> <span class='ocrx_word' id='word_1_204' title='bbox 280 2806 332 2853; x_wconf 82' lang='lat' dir='ltr'><strong>eis:</strong></span> <span class='ocrx_word' id='word_1_205' title='bbox 350 2818 382 2853; x_wconf 86' lang='lat' dir='ltr'><strong>au</strong></span> <span class='ocrx_word' id='word_1_206' title='bbox 400 2803 454 2870; x_wconf 80' lang='lat' dir='ltr'><strong>lug.</strong></span> <span class='ocrx_word' id='word_1_207' title='bbox 467 2805 660 2869; x_wconf 75' lang='lat' dir='ltr'><strong>85,3.—Zum</strong></span> <span class='ocrx_word' id='word_1_208' title='bbox 712 2803 785 2856; x_wconf 89' lang='lat' dir='ltr'><strong>mehr</strong></span> <span class='ocrx_word' id='word_1_209' title='bbox 802 2804 871 2857; x_wconf 83' lang='lat' dir='ltr'><strong>hat.“</strong></span> <span class='ocrx_word' id='word_1_210' title='bbox 907 2804 965 2872; x_wconf 78' lang='lat' dir='ltr'><strong>Vgl.</strong></span> <span class='ocrx_word' id='word_1_211' title='bbox 976 2804 1026 2857; x_wconf 83' lang='lat' dir='ltr'><strong>Gie.</strong></span> <span class='ocrx_word' id='word_1_212' title='bbox 1041 2820 1067 2872; x_wconf 90' lang='lat' dir='ltr'><strong>p.</strong></span> <span class='ocrx_word' id='word_1_213' title='bbox 1078 2803 1168 2856; x_wconf 81' lang='lat' dir='ltr'><strong>Plauc.</strong></span> <span class='ocrx_word' id='word_1_214' title='bbox 1180 2808 1227 2858; x_wconf 76' lang='lat' dir='ltr'><strong>&#39;ils</strong></span> 
     </span>
     <span class='ocr_line' id='line_1_27' title="bbox 150 2869 1228 2937; baseline 0.003 -15"><span class='ocrx_word' id='word_1_215' title='bbox 150 2869 288 2922; x_wconf 78' lang='lat' dir='ltr'><strong>dodanum</strong></span> <span class='ocrx_word' id='word_1_216' title='bbox 306 2869 358 2937; x_wconf 77' lang='lat' dir='ltr'><strong>vgl.</strong></span> <span class='ocrx_word' id='word_1_217' title='bbox 371 2870 423 2922; x_wconf 82' lang='lat' dir='ltr'><strong>Cic.</strong></span> <span class='ocrx_word' id='word_1_218' title='bbox 433 2887 458 2937; x_wconf 90' lang='lat' dir='ltr'><strong>p.</strong></span> <span class='ocrx_word' id='word_1_219' title='bbox 472 2870 538 2924; x_wconf 81' lang='lat' dir='ltr'><strong>Sest.</strong></span> <span class='ocrx_word' id='word_1_220' title='bbox 560 2875 599 2937; x_wconf 78' lang='lat' dir='ltr'><strong>rt,</strong></span> <span class='ocrx_word' id='word_1_221' title='bbox 613 2874 661 2925; x_wconf 83' lang='lat'><strong>42:</strong></span> <span class='ocrx_word' id='word_1_222' title='bbox 713 2875 781 2923; x_wconf 77' lang='lat' dir='ltr'><strong>uiuis</strong></span> <span class='ocrx_word' id='word_1_223' title='bbox 799 2874 841 2923; x_wconf 81' lang='lat' dir='ltr'><strong>llis</strong></span> <span class='ocrx_word' id='word_1_224' title='bbox 858 2878 945 2924; x_wconf 69' lang='lat' dir='ltr'><strong>smnio</strong></span> <span class='ocrx_word' id='word_1_225' title='bbox 962 2874 1028 2924; x_wconf 78' lang='lat' dir='ltr'><strong>urbo</strong></span> <span class='ocrx_word' id='word_1_226' title='bbox 1045 2877 1074 2924; x_wconf 83' lang='lat' dir='ltr'><strong>ot</strong></span> <span class='ocrx_word' id='word_1_227' title='bbox 1087 2875 1168 2925; x_wconf 81' lang='lat' dir='ltr'><strong>curia</strong></span> <span class='ocrx_word' id='word_1_228' title='bbox 1185 2888 1228 2925; x_wconf 76' lang='lat' dir='ltr'><strong>rs·</strong></span> 
     </span>
     <span class='ocr_line' id='line_1_28' title="bbox 150 2937 1227 3010; baseline 0.006 -22"><span class='ocrx_word' id='word_1_229' title='bbox 150 2953 210 2989; x_wconf 82' lang='lat' dir='ltr'><strong>eum</strong></span> <span class='ocrx_word' id='word_1_230' title='bbox 228 2937 363 2989; x_wconf 75' lang='lat' dir='ltr'><strong>viderem·</strong></span> <span class='ocrx_word' id='word_1_231' title='bbox 376 2944 522 3004; x_wconf 62' lang='lat' dir='ltr'><strong>amatum,</strong></span> <span class='ocrx_word' id='word_1_232' title='bbox 540 2943 598 2991; x_wconf 73' lang='lat' dir='ltr'><strong>tina</strong></span> <span class='ocrx_word' id='word_1_233' title='bbox 608 2955 659 3006; x_wconf 83' lang='lat' dir='ltr'><strong>quo</strong></span> <span class='ocrx_word' id='word_1_234' title='bbox 714 2940 833 2991; x_wconf 78' lang='lat' dir='ltr'><strong>diturum</strong></span> <span class='ocrx_word' id='word_1_235' title='bbox 851 2956 893 2991; x_wconf 82' lang='lat' dir='ltr'><strong>mc</strong></span> <span class='ocrx_word' id='word_1_236' title='bbox 909 2939 962 2992; x_wconf 90' lang='lat' dir='ltr'><strong>und</strong></span> <span class='ocrx_word' id='word_1_237' title='bbox 980 2939 1022 2993; x_wconf 83' lang='lat' dir='ltr'><strong>die</strong></span> <span class='ocrx_word' id='word_1_238' title='bbox 1038 2956 1070 2993; x_wconf 78' lang='lat' dir='ltr'><strong>zu</strong></span> <span class='ocrx_word' id='word_1_239' title='bbox 1086 2940 1104 3008; x_wconf 59' lang='grc' dir='ltr'><strong><em>ἦ</em></strong></span> <span class='ocrx_word' id='word_1_240' title='bbox 1119 2944 1131 2994; x_wconf 94' lang='lat' dir='ltr'><strong>l</strong></span> <span class='ocrx_word' id='word_1_241' title='bbox 1146 2955 1227 3010; x_wconf 69' lang='lat' dir='ltr'><strong>ange·</strong></span> 
     </span>
     <span class='ocr_line' id='line_1_29' title="bbox 151 3006 1087 3075; baseline 0.005 -19"><span class='ocrx_word' id='word_1_242' title='bbox 151 3008 246 3057; x_wconf 78' lang='lat' dir='ltr'><strong>civitae</strong></span> <span class='ocrx_word' id='word_1_243' title='bbox 262 3011 336 3057; x_wconf 78' lang='lat' dir='ltr'><strong>ctare</strong></span> <span class='ocrx_word' id='word_1_244' title='bbox 354 3021 409 3056; x_wconf 80' lang='lat' dir='ltr'><strong>nora</strong></span> <span class='ocrx_word' id='word_1_245' title='bbox 425 3012 527 3072; x_wconf 79' lang='lat' dir='ltr'><strong>posset,</strong></span> <span class='ocrx_word' id='word_1_246' title='bbox 551 3010 660 3059; x_wconf 82' lang='lat' dir='ltr'><strong>omnino</strong></span> <span class='ocrx_word' id='word_1_247' title='bbox 713 3007 797 3060; x_wconf 84' lang='lat' dir='ltr'><strong>idhrte</strong></span> <span class='ocrx_word' id='word_1_248' title='bbox 815 3006 894 3060; x_wconf 86' lang='lat' dir='ltr'><strong>Stelle</strong></span> <span class='ocrx_word' id='word_1_249' title='bbox 912 3023 959 3061; x_wconf 83' lang='lat' dir='ltr'><strong>aus</strong></span> <span class='ocrx_word' id='word_1_250' title='bbox 975 3024 1002 3075; x_wconf 86' lang='lat' dir='ltr'><strong>p.</strong></span> <span class='ocrx_word' id='word_1_251' title='bbox 1020 3008 1087 3061; x_wconf 81' lang='lat' dir='ltr'><strong>Sest.</strong></span> 
     </span>
     <span class='ocr_line' id='line_1_30' title="bbox 151 3073 1228 3141; baseline 0.006 -17"><span class='ocrx_word' id='word_1_252' title='bbox 151 3073 183 3124; x_wconf 79' lang='lat' dir='ltr'><strong>da</strong></span> <span class='ocrx_word' id='word_1_253' title='bbox 202 3076 382 3125; x_wconf 68' lang='lat' dir='ltr'><strong>civitatenses</strong></span> <span class='ocrx_word' id='word_1_254' title='bbox 402 3074 544 3141; x_wconf 77' lang='lat' dir='ltr'><strong>sublatum,</strong></span> <span class='ocrx_word' id='word_1_255' title='bbox 567 3090 662 3126; x_wconf 80' lang='lat' dir='ltr'><strong>conou-</strong></span> <span class='ocrx_word' id='word_1_256' title='bbox 747 3082 907 3141; x_wconf 81' lang='lat' dir='ltr'><strong>postremus:</strong></span> <span class='ocrx_word' id='word_1_257' title='bbox 915 3091 976 3129; x_wconf 85' lang='lat' dir='ltr'><strong>vom</strong></span> <span class='ocrx_word' id='word_1_258' title='bbox 984 3074 1228 3130; x_wconf 81' lang='lat' dir='ltr'><strong>sittllcheuWerlhe</strong></span> 
     </span>
     <span class='ocr_line' id='line_1_31' title="bbox 151 3141 1110 3213; baseline 0.005 -22"><span class='ocrx_word' id='word_1_259' title='bbox 151 3141 197 3204; x_wconf 76' lang='lat' dir='ltr'><strong>les,</strong></span> <span class='ocrx_word' id='word_1_260' title='bbox 215 3145 263 3207; x_wconf 80' lang='lat' dir='ltr'><strong>qui</strong></span> <span class='ocrx_word' id='word_1_261' title='bbox 280 3143 359 3194; x_wconf 81' lang='lat' dir='ltr'><strong>ducos</strong></span> <span class='ocrx_word' id='word_1_262' title='bbox 388 3143 471 3195; x_wconf 76' lang='lat' dir='ltr'><strong>adlici</strong></span> <span class='ocrx_word' id='word_1_263' title='bbox 487 3142 595 3194; x_wconf 63' lang='lat' dir='ltr'><strong>canolii</strong></span> <span class='ocrx_word' id='word_1_264' title='bbox 608 3158 663 3193; x_wconf 79' lang='lat' dir='ltr'><strong>osse</strong></span> <span class='ocrx_word' id='word_1_265' title='bbox 715 3147 814 3212; x_wconf 80' lang='lat' dir='ltr'><strong>gesagt,</strong></span> <span class='ocrx_word' id='word_1_266' title='bbox 831 3145 881 3197; x_wconf 87' lang='lat' dir='ltr'><strong>wie</strong></span> <span class='ocrx_word' id='word_1_267' title='bbox 899 3143 947 3213; x_wconf 85' lang='lat' dir='ltr'><strong>Ep.</strong></span> <span class='ocrx_word' id='word_1_268' title='bbox 965 3143 1049 3198; x_wconf 88' lang='lat' dir='ltr'><strong>blitbr.</strong></span> <span class='ocrx_word' id='word_1_269' title='bbox 1070 3146 1110 3199; x_wconf 77' lang='lat'><strong>12.</strong></span> 
     </span>
     <span class='ocr_line' id='line_1_32' title="bbox 151 3209 1229 3277; baseline 0.006 -18"><span class='ocrx_word' id='word_1_270' title='bbox 151 3209 283 3276; x_wconf 83' lang='lat' dir='ltr'><strong>deberent,</strong></span> <span class='ocrx_word' id='word_1_271' title='bbox 301 3214 452 3277; x_wconf 76' lang='lat' dir='ltr'><strong>perscissa,</strong></span> <span class='ocrx_word' id='word_1_272' title='bbox 477 3216 509 3262; x_wconf 79' lang='lat' dir='ltr'><strong>ut</strong></span> <span class='ocrx_word' id='word_1_273' title='bbox 522 3226 573 3277; x_wconf 83' lang='lat' dir='ltr'><strong>por</strong></span> <span class='ocrx_word' id='word_1_274' title='bbox 590 3213 663 3277; x_wconf 78' lang='lat' dir='ltr'><strong>ipsos</strong></span> <span class='ocrx_word' id='word_1_275' title='bbox 749 3212 910 3263; x_wconf 83' lang='lat' dir='ltr'><strong>deliberari:</strong></span> <span class='ocrx_word' id='word_1_276' title='bbox 938 3211 999 3264; x_wconf 78' lang='lat' dir='ltr'><strong>Sall,</strong></span> <span class='ocrx_word' id='word_1_277' title='bbox 1022 3211 1066 3264; x_wconf 80' lang='lat' dir='ltr'><strong>bet</strong></span> <span class='ocrx_word' id='word_1_278' title='bbox 1087 3211 1134 3265; x_wconf 80' lang='lat' dir='ltr'><strong>dtis</strong></span> <span class='ocrx_word' id='word_1_279' title='bbox 1151 3212 1229 3266; x_wconf 83' lang='lat' dir='ltr'><strong>Wort</strong></span> 
     </span>
     <span class='ocr_line' id='line_1_33' title="bbox 151 3278 1227 3362; baseline 0.006 -35"><span class='ocrx_word' id='word_1_280' title='bbox 151 3278 287 3343; x_wconf 81' lang='lat' dir='ltr'><strong>publicum</strong></span> <span class='ocrx_word' id='word_1_281' title='bbox 310 3279 451 3330; x_wconf 64' lang='lat' dir='ltr'><strong>condilum</strong></span> <span class='ocrx_word' id='word_1_282' title='bbox 471 3279 596 3340; x_wconf 78' lang='lat' dir='ltr'><strong>funditur</strong></span> <span class='ocrx_word' id='word_1_283' title='bbox 614 3279 663 3330; x_wconf 87' lang='lat' dir='ltr'><strong>tol·</strong></span> <span class='ocrx_word' id='word_1_284' title='bbox 715 3279 836 3340; x_wconf 88' lang='lat' dir='ltr'><strong>nurhier;</strong></span> <span class='ocrx_word' id='word_1_285' title='bbox 854 3279 1227 3362; x_wconf 62' lang='lat' dir='ltr'><strong>dielledeutung‚abwdpeu“</strong></span> 
     </span>
     <span class='ocr_line' id='line_1_34' title="bbox 153 3345 1229 3416; baseline 0.007 -20"><span class='ocrx_word' id='word_1_286' title='bbox 153 3347 267 3410; x_wconf 81' lang='lat' dir='ltr'><strong>leretur·;</strong></span> <span class='ocrx_word' id='word_1_287' title='bbox 277 3346 329 3398; x_wconf 90' lang='lat' dir='ltr'><strong>und</strong></span> <span class='ocrx_word' id='word_1_288' title='bbox 339 3346 458 3399; x_wconf 84' lang='lat' dir='ltr'><strong>ebeudas.</strong></span> <span class='ocrx_word' id='word_1_289' title='bbox 468 3351 507 3414; x_wconf 85' lang='lat'><strong>15,</strong></span> <span class='ocrx_word' id='word_1_290' title='bbox 515 3350 557 3411; x_wconf 80' lang='lat'><strong>35,</strong></span> <span class='ocrx_word' id='word_1_291' title='bbox 566 3345 663 3399; x_wconf 88' lang='lat' dir='ltr'><strong>welche</strong></span> <span class='ocrx_word' id='word_1_292' title='bbox 715 3347 739 3398; x_wconf 95' lang='lat' dir='ltr'><strong>d.</strong></span> <span class='ocrx_word' id='word_1_293' title='bbox 758 3347 775 3399; x_wconf 91' lang='lat' dir='ltr'><strong>i.</strong></span> <span class='ocrx_word' id='word_1_294' title='bbox 804 3348 886 3410; x_wconf 86' lang='lat' dir='ltr'><strong>„uach</strong></span> <span class='ocrx_word' id='word_1_295' title='bbox 914 3349 1074 3416; x_wconf 74' lang='lat' dir='ltr'><strong>vorberigem</strong></span> <span class='ocrx_word' id='word_1_296' title='bbox 1092 3347 1133 3401; x_wconf 73' lang='lat' dir='ltr'><strong>Er</strong></span> <span class='ocrx_word' id='word_1_297' title='bbox 1194 3363 1229 3403; x_wconf 86' lang='lat' dir='ltr'><strong>eu</strong></span> 
     </span>
     <span class='ocr_line' id='line_1_35' title="bbox 151 3412 1229 3485; baseline 0.004 -20"><span class='ocrx_word' id='word_1_298' title='bbox 151 3412 230 3466; x_wconf 86' lang='lat' dir='ltr'><strong>Stelle</strong></span> <span class='ocrx_word' id='word_1_299' title='bbox 247 3419 327 3467; x_wconf 89' lang='lat' dir='ltr'><strong>uuten</strong></span> <span class='ocrx_word' id='word_1_300' title='bbox 344 3415 405 3481; x_wconf 72' lang='lat' dir='ltr'><strong>zu§</strong></span> <span class='ocrx_word' id='word_1_301' title='bbox 421 3417 451 3467; x_wconf 77' lang='lat'><strong>15</strong></span> <span class='ocrx_word' id='word_1_302' title='bbox 470 3414 605 3483; x_wconf 76' lang='lat' dir='ltr'><strong>engelribrt</strong></span> <span class='ocrx_word' id='word_1_303' title='bbox 621 3415 662 3467; x_wconf 89' lang='lat' dir='ltr'><strong>iat.</strong></span> <span class='ocrx_word' id='word_1_304' title='bbox 714 3415 1011 3483; x_wconf 77' lang='lat' dir='ltr'><strong>eutsebeidcn“,wiesie</strong></span> <span class='ocrx_word' id='word_1_305' title='bbox 1021 3418 1181 3485; x_wconf 70' lang='lat' dir='ltr'><strong>snuslgcvrd</strong></span> <span class='ocrx_word' id='word_1_306' title='bbox 1198 3432 1229 3469; x_wconf 91' lang='lat' dir='ltr'><strong>n-</strong></span> 
     </span>
    </p>

    <p class='ocr_par' dir='ltr' id='par_1_9' title="bbox 184 3483 1229 3549">
     <span class='ocr_line' id='line_1_36' title="bbox 184 3483 1229 3549; baseline 0.006 -16"><span class='ocrx_word' id='word_1_307' title='bbox 184 3489 334 3548; x_wconf 78' lang='lat' dir='ltr'><strong>postromo:</strong></span> <span class='ocrx_word' id='word_1_308' title='bbox 352 3498 384 3534; x_wconf 84' lang='lat' dir='ltr'><strong>zu</strong></span> <span class='ocrx_word' id='word_1_309' title='bbox 402 3483 456 3534; x_wconf 79' lang='lat' dir='ltr'><strong>Cat.</strong></span> <span class='ocrx_word' id='word_1_310' title='bbox 474 3486 516 3549; x_wconf 77' lang='lat'><strong>51,</strong></span> <span class='ocrx_word' id='word_1_311' title='bbox 526 3485 568 3536; x_wconf 80' lang='lat'><strong>33.</strong></span> <span class='ocrx_word' id='word_1_312' title='bbox 713 3483 764 3536; x_wconf 86' lang='lat' dir='ltr'><strong>liclr</strong></span> <span class='ocrx_word' id='word_1_313' title='bbox 782 3500 830 3536; x_wconf 90' lang='lat' dir='ltr'><strong>uur</strong></span> <span class='ocrx_word' id='word_1_314' title='bbox 853 3483 903 3538; x_wconf 90' lang='lat' dir='ltr'><strong>den</strong></span> <span class='ocrx_word' id='word_1_315' title='bbox 919 3485 1067 3539; x_wconf 85' lang='lat' dir='ltr'><strong>Praeteritis</strong></span> <span class='ocrx_word' id='word_1_316' title='bbox 1090 3484 1229 3539; x_wconf 75' lang='lat' dir='ltr'><strong>desselben</strong></span> 
     </span>
    </p>
   </div>
   <div class='ocr_carea' id='block_1_6' title="bbox 186 3549 846 3670">
    <p class='ocr_par' dir='ltr' id='par_1_10' title="bbox 186 3549 846 3670">
     <span class='ocr_line' id='line_1_37' title="bbox 186 3549 846 3670; baseline 0.006 -68"><span class='ocrx_word' id='word_1_317' title='bbox 186 3552 210 3601; x_wconf 84' lang='lat'><strong>2.</strong></span> <span class='ocrx_word' id='word_1_318' title='bbox 235 3567 326 3617; x_wconf 78' lang='lat' dir='ltr'><strong>pacem</strong></span> <span class='ocrx_word' id='word_1_319' title='bbox 341 3556 499 3670; x_wconf 74' lang='lat' dir='ltr'><strong>praestaro:</strong></span> <span class='ocrx_word' id='word_1_320' title='bbox 525 3549 584 3618; x_wconf 70' lang='lat' dir='ltr'><strong>vgl.</strong></span> <span class='ocrx_word' id='word_1_321' title='bbox 608 3551 662 3602; x_wconf 86' lang='lat' dir='ltr'><strong>Liv.</strong></span> <span class='ocrx_word' id='word_1_322' title='bbox 713 3552 787 3620; x_wconf 71' lang='lat' dir='ltr'><strong>sigen</strong></span> <span class='ocrx_word' id='word_1_323' title='bbox 804 3553 846 3607; x_wconf 85' lang='lat' dir='ltr'><strong>ist.</strong></span> 
     </span>
    </p>
   </div>
   <div class='ocr_carea' id='block_1_7' title="bbox 152 3617 1230 3824">
    <p class='ocr_par' dir='ltr' id='par_1_11' title="bbox 152 3617 1230 3824">
     <span class='ocr_line' id='line_1_38' title="bbox 152 3617 1228 3688; baseline 0.006 -20"><span class='ocrx_word' id='word_1_324' title='bbox 152 3619 271 3684; x_wconf 80' lang='lat'><strong>42‚13,5</strong></span> <span class='ocrx_word' id='word_1_325' title='bbox 291 3619 326 3681; x_wconf 89' lang='lat' dir='ltr'><strong>(iu</strong></span> <span class='ocrx_word' id='word_1_326' title='bbox 358 3633 386 3671; x_wconf 85' lang='lat' dir='ltr'><strong>er</strong></span> <span class='ocrx_word' id='word_1_327' title='bbox 395 3617 464 3671; x_wconf 82' lang='lat' dir='ltr'><strong>Rode</strong></span> <span class='ocrx_word' id='word_1_328' title='bbox 480 3618 525 3671; x_wconf 87' lang='lat' dir='ltr'><strong>des</strong></span> <span class='ocrx_word' id='word_1_329' title='bbox 536 3618 662 3671; x_wconf 86' lang='lat' dir='ltr'><strong>Eumenes</strong></span> <span class='ocrx_word' id='word_1_330' title='bbox 748 3620 945 3688; x_wconf 70' lang='lat' dir='ltr'><strong>opprdmrindae</strong></span> <span class='ocrx_word' id='word_1_331' title='bbox 954 3622 1098 3674; x_wconf 72' lang='lat' dir='ltr'><strong>libortenu</strong></span> <span class='ocrx_word' id='word_1_332' title='bbox 1107 3621 1228 3687; x_wconf 61' lang='lat' dir='ltr'><strong>caton.</strong></span> 
     </span>
     <span class='ocr_line' id='line_1_39' title="bbox 152 3683 1229 3754; baseline 0.009 -19"><span class='ocrx_word' id='word_1_333' title='bbox 152 3698 184 3736; x_wconf 79' lang='lat' dir='ltr'><strong>nu</strong></span> <span class='ocrx_word' id='word_1_334' title='bbox 193 3683 242 3736; x_wconf 90' lang='lat' dir='ltr'><strong>deu</strong></span> <span class='ocrx_word' id='word_1_335' title='bbox 250 3685 346 3751; x_wconf 75' lang='lat' dir='ltr'><strong>Senatl:</strong></span> <span class='ocrx_word' id='word_1_336' title='bbox 356 3686 486 3752; x_wconf 80' lang='lat' dir='ltr'><strong>videbam,</strong></span> <span class='ocrx_word' id='word_1_337' title='bbox 494 3702 573 3753; x_wconf 82' lang='lat' dir='ltr'><strong>quam</strong></span> <span class='ocrx_word' id='word_1_338' title='bbox 580 3690 662 3754; x_wconf 83' lang='lat' dir='ltr'><strong>inpar</strong></span> <span class='ocrx_word' id='word_1_339' title='bbox 747 3690 834 3740; x_wconf 80' lang='lat' dir='ltr'><strong>corbis</strong></span> <span class='ocrx_word' id='word_1_340' title='bbox 853 3729 859 3742; x_wconf 90' lang='lat'>.</span> <span class='ocrx_word' id='word_1_341' title='bbox 880 3728 886 3741; x_wconf 93' lang='lat'><strong><em>.</em></strong></span> <span class='ocrx_word' id='word_1_342' title='bbox 906 3691 1086 3743; x_wconf 74' lang='lat' dir='ltr'><strong>dominibus.-</strong></span> <span class='ocrx_word' id='word_1_343' title='bbox 1103 3689 1150 3743; x_wconf 85' lang='lat' dir='ltr'><strong>mit</strong></span> <span class='ocrx_word' id='word_1_344' title='bbox 1167 3688 1229 3745; x_wconf 82' lang='lat' dir='ltr'><strong>dem</strong></span> 
     </span>
     <span class='ocr_line' id='line_1_40' title="bbox 153 3754 1230 3824; baseline 0.01 -22"><span class='ocrx_word' id='word_1_345' title='bbox 153 3757 220 3804; x_wconf 76' lang='lat' dir='ltr'><strong>esset</strong></span> <span class='ocrx_word' id='word_1_346' title='bbox 239 3769 304 3820; x_wconf 79' lang='lat' dir='ltr'><strong>sore,</strong></span> <span class='ocrx_word' id='word_1_347' title='bbox 323 3769 383 3807; x_wconf 75' lang='lat' dir='ltr'><strong>casm</strong></span> <span class='ocrx_word' id='word_1_348' title='bbox 393 3754 440 3806; x_wconf 78' lang='lat' dir='ltr'><strong>illo</strong></span> <span class='ocrx_word' id='word_1_349' title='bbox 449 3755 579 3822; x_wconf 75' lang='lat' dir='ltr'><strong>(Perseus)</strong></span> <span class='ocrx_word' id='word_1_350' title='bbox 589 3756 662 3806; x_wconf 78' lang='lat' dir='ltr'><strong>votis</strong></span> <span class='ocrx_word' id='word_1_351' title='bbox 713 3755 860 3824; x_wconf 75' lang='lat' dir='ltr'><strong>Folgeudcn</strong></span> <span class='ocrx_word' id='word_1_352' title='bbox 874 3773 906 3811; x_wconf 87' lang='lat' dir='ltr'><strong>zu</strong></span> <span class='ocrx_word' id='word_1_353' title='bbox 920 3757 1068 3813; x_wconf 84' lang='lat' dir='ltr'><strong>verbinden.</strong></span> <span class='ocrx_word' id='word_1_354' title='bbox 1102 3757 1152 3811; x_wconf 85' lang='lat' dir='ltr'><strong>lier</strong></span> <span class='ocrx_word' id='word_1_355' title='bbox 1163 3756 1230 3813; x_wconf 83' lang='lat' dir='ltr'><strong>sinu</strong></span> 
     </span>
    </p>
   </div>
   <div class='ocr_carea' id='block_1_8' title="bbox 0 0 1315 4358">
    <p class='ocr_par' dir='ltr' id='par_1_12' title="bbox 0 0 1315 4358">
     <span class='ocr_line' id='line_1_41' title="bbox 0 0 1315 4358; baseline 0 0"><span class='ocrx_word' id='word_1_356' title='bbox 0 0 1315 4358; x_wconf 95' lang='lat' dir='ltr'><strong> </strong></span> 
     </span>
    </p>
   </div>
  </div>
 </body>
</html>
