2602 4358
346 28 387 80 ou
406 27 506 79 nanto
524 1 677 79 ru‘conru.
713 26 740 81 c.
759 30 869 81 ss-sr.
1058 1 1061 8 ’
1085 26 1144 86 157

121 221 125 233 ’
160 201 202 261 lta
218 199 388 279 compositis
403 199 492 261 rebus
507 200 537 261 iu
554 200 617 262 loca
632 219 720 279 quam
732 217 867 261 maxume
879 200 994 261 occulta
1006 200 1175 264 discedit23
1243 240 1245 254 ι

76 304 109 346 ac
124 293 191 364 post
205 285 293 365 paulo
306 285 459 363 cognoscit
469 286 592 346 Marium
607 305 641 346 ex
652 286 757 347 itinere
768 285 978 347 frumentatum
992 304 1059 346 cum
1072 305 1145 365 pau·

76 371 118 431 cis
134 371 304 432 cohortibus
320 370 434 431 Siccam
449 371 588 447 missum,
613 372 690 451 quod
708 369 849 451 oppidum
867 370 996 449 primum
1012 371 1144 431 omnium

76 464 143 535 post
157 456 261 516 malam
278 474 408 535 pugnam
423 455 459 516 ab
474 474 545 534 rege
568 456 722 517 defecerat.
760 455 803 515 Eo
820 473 886 515 cum
904 455 1023 516 delectis
1038 455 1146 534 equiti·
1161 466 1177 516 4

75 540 131 601 bus
146 550 237 602 noctu
253 540 351 620 pergit
365 548 395 601 et
409 540 465 600 iam
482 540 700 620 egredientibus
713 539 854 600 Romanis
869 542 900 600 in
917 551 1001 619 porta
1016 559 1146 620 pugnam

75 626 158 697 lacit;
175 625 262 686 simul
277 643 382 704 magua
397 644 468 685 voce
479 625 634 687 Siccenses
649 626 792 700 hortatur,
807 624 851 684 uti
867 626 996 686 cohortis
1011 625 1047 686 ab
1063 636 1146 704 tergo

75 710 320 771 circumveniant:
343 711 491 770 fortunam
508 711 565 771 illis
580 710 722 790 praeclari
744 709 885 771 lacinoris
900 728 1000 770 casum
1016 710 1098 771 dare:
1121 711 1147 772 si

74 795 103 855 id
119 795 254 870 fecerint,
271 804 374 875 postea
388 814 453 856 sese
468 795 498 857 in
515 814 618 875 regno,
634 795 700 856 illos
714 795 745 856 in
756 794 889 874 libertate
901 795 966 856 sine
978 805 1058 856 metu
1069 803 1146 856 aeta-

75 888 133 940 tem
149 889 275 942 acturos.
314 881 356 941 hc
371 881 402 941 ni
417 881 526 943 Marius
549 882 632 960 signa
654 881 763 943 inferre
785 887 872 958 atque
895 880 1015 940 evadere
1037 881 1176 960 oppidot

75 965 307 1045 properavisset,
329 967 462 1045 profacto
479 966 577 1028 cuncti
592 973 642 1026 aut
656 984 762 1044 magna
778 984 846 1041 pars
861 961 1045 1026 Siccensium
1059 966 1146 1026 fidem

75 1051 281 1112 mutavissent:
306 1059 384 1112 tanta
400 1049 561 1112 mobilitate
576 1071 641 1112 sese
656 1051 799 1112 Numidae
814 1058 931 1128 gerunt.
967 1050 1024 1111 Sed
1039 1051 1148 1111 milites
1161 1057 1177 1109 6

75 1135 241 1214 Iugurthini
253 1136 404 1216 paulisper
415 1137 450 1196 ab
461 1155 531 1216 rege
543 1137 708 1221 sustentati,
720 1144 877 1216 postquam
887 1135 997 1196 maiore
1010 1135 1035 1196 vi
1047 1136 1147 1198 hostes
1203 1200 1207 1204 ,

75 1231 214 1299 urguent,
230 1221 333 1300 paucis
348 1221 462 1282 amissis
477 1222 594 1300 profugi
611 1221 775 1282 discedunt.

160 1306 269 1366 Marius
285 1306 319 1367 ad
335 1305 450 1367 Zamam
466 1306 610 1386 pervenit.
645 1305 676 1366 ld
693 1305 851 1385 oppidum,
874 1304 905 1364 in
928 1323 1032 1383 campo
1047 1305 1146 1380 situm,
1163 1306 1198 1364 bl

75 1391 169 1469 magis
200 1408 290 1470 opere
311 1408 398 1468 quam
421 1400 524 1452 natura
551 1389 698 1452 munitum
725 1398 802 1463 erat,
826 1387 937 1450 nullius
960 1389 1083 1450 idoneae
1104 1389 1148 1451 rei

77 1493 182 1553 egens,
204 1475 292 1536 armis
307 1475 437 1554 virisque
453 1477 637 1555 opulentum.
674 1474 769 1553 Igitur
783 1473 918 1535 Metellus
937 1491 991 1553 pro
1013 1481 1178 1554 temporat

76 1571 165 1638 atque
193 1559 258 1620 loco
281 1560 389 1639 paratis
412 1559 501 1621 rebus
522 1568 628 1622 cuncta
649 1560 765 1620 moenia
792 1560 924 1620 exercitu
946 1559 1148 1634 circumvenit,

76 1645 179 1725 legatis
195 1645 328 1725 imperat,
345 1645 395 1706 ubi
412 1645 538 1726 quisque
554 1653 680 1707 curaret.
704 1644 816 1706 Deinde
832 1644 918 1722 signo
934 1644 1001 1704 dato
1016 1645 1149 1724 undique
1163 1651 1178 1702 3

77 1730 166 1791 simul
181 1731 291 1791 clamor
306 1731 413 1809 ingens
429 1731 533 1802 oritur,
550 1749 648 1810 neque
663 1748 696 1791 ea
711 1747 759 1790 res
771 1729 911 1790 Numidas
927 1737 1033 1791 terret:
1049 1729 1148 1791 inlen-
1287 1726 1288 1735 ’

77 1815 102 1874 si
118 1815 284 1893 intentique
300 1817 365 1876 sine
381 1818 509 1878 tumultu
524 1826 661 1877 manent:
674 1814 821 1894 proelium
838 1813 989 1894 incipitur.
1013 1814 1147 1894 Romani,
1163 1820 1180 1870 4

77 1918 132 1979 pro
149 1901 268 1978 ingenio
286 1900 427 1980 quisque,
443 1920 511 1981 pars
527 1901 643 1962 eminus
659 1900 764 1979 glande
778 1907 828 1961 aut
843 1899 989 1980 lapidibus
1005 1918 1148 1979 pugnare,

77 1985 125 2045 alii
147 1985 306 2046 succedere
327 2005 361 2047 ac
382 2004 501 2048 murum
523 1986 610 2047 modo
632 1986 780 2046 suffodere
800 1984 888 2046 modo
911 1985 998 2046 scalis
1019 1985 1148 2064 aggredi,

78 2089 188 2150 cupere
203 2071 349 2150 proelium
365 2071 396 2132 in
412 2072 548 2133 manibus
562 2072 669 2132 facere.
701 2071 809 2132 Contra
825 2089 858 2131 ea
874 2069 1014 2150 oppidani
1031 2070 1061 2131 in
1078 2075 1178 2150 pro-5

77 2173 183 2215 numos
199 2175 265 2217 sarra
277 2156 401 2232 volvere,
418 2157 508 2232 sudis,
525 2157 593 2237 pila,
609 2165 760 2236 praeterea
776 2155 872 2235 picem
884 2155 1028 2235 sulphure
1044 2164 1074 2216 et
1088 2162 1148 2216 tae·

78 2239 114 2299 da
135 2239 253 2299 mixtam
275 2241 388 2300 ardenti
409 2242 535 2303 mittere.
576 2241 633 2302 Sed
656 2261 694 2302 ne
719 2241 786 2301 illos
807 2241 943 2318 quidem,
971 2241 1022 2320 qui
1044 2240 1149 2320 procul

77 2332 262 2399 manserant,
284 2324 372 2384 timor
393 2326 483 2386 animi
505 2327 574 2387 satis
596 2325 777 2400 muniverat;
799 2344 866 2386 nam
882 2325 1041 2404 plerosque
1056 2325 1150 2386 iacula

78 2409 233 2469 tormentis
254 2416 304 2469 aut
325 2427 414 2470 manu
439 2411 544 2472 emissa
565 2409 771 2484 roborabant,
797 2410 921 2489 parique
942 2411 1076 2488 periculo
1099 2409 1149 2470 sed

77 2494 153 2555 lama
168 2493 265 2572 inpari
279 2493 351 2554 boni
365 2503 454 2574 atque
469 2495 565 2574 ignavi
580 2503 673 2556 erant.
709 2494 785 2554 Dum
801 2494 879 2574 apud
895 2493 1011 2554 Zamam
1027 2494 1070 2554 sic
1085 2512 1150 2555 cer·
1164 2493 1202 2550 58

112 2612 136 2662 3.
146 2608 265 2660 Siccam.-
278 2609 365 2662 vollst.
374 2609 451 2661 Sicca
462 2611 587 2676 Veneria,
674 2615 697 2663 5.
725 2615 819 2660 contra
848 2625 895 2660 aa:
927 2609 1017 2677 Einige
1044 2609 1149 2662 Schrift-

75 2677 142 2741 jetzt
159 2677 219 2738 llel;
238 2693 259 2729 s.
277 2677 344 2744 ηυξ
366 2680 387 2731 1.
639 2677 726 2731 stellet
750 2677 877 2729 brauchen
902 2677 989 2730 diesen
1008 2678 1149 2740 Ausdruclr,

111 2748 135 2797 4.
155 2761 262 2798 casum:
279 2761 310 2796 zu
328 2749 369 2812 25,
388 2748 412 2798 9.
638 2745 679 2798 die
698 2745 817 2812 Praepos.
836 2746 882 2797 mit
900 2745 980 2799 ihrcm
999 2747 1093 2812 Cusus,
1111 2746 1150 2798 hir

111 2813 154 2868 ot.
174 2817 197 2866 2.
216 2819 313 2864 cuncta
328 2816 449 2864 moabia:
468 2813 526 2876 „die
543 2830 586 2882 ge·
638 2813 684 2865 das
702 2813 817 2865 einlache
832 2813 943 2865 Adverb.
962 2821 1065 2866 contra.
1092 2814 1151 2866 Hiar

78 2887 185 2933 sammte
202 2881 380 2948 Umwallung“
400 2883 437 2935 als
460 2883 500 2934 ein
519 2883 586 2936 Gan·
638 2882 698 2933 aber
714 2882 749 2934 ist
758 2882 874 2934 denselbe
884 2882 955 2934 nicht
968 2883 1151 2950 pleonastisch,

79 2965 122 3001 aes
140 2965 303 3016 genommen;
322 2950 374 3017 vgl.
394 2954 485 3002 cuncti
502 2955 543 3017 55,
562 2955 586 3005 l.
639 2949 747 3002 sondern
767 2965 794 3002 es
818 2949 875 3003 sind
899 2955 973 3002 unter
991 2968 1022 3001 ea
1041 2950 1082 3002 die
1099 2951 1151 3001 hn-

114 3021 137 3068 3.
155 3034 255 3082 nequa.-
273 3034 303 3069 zu
322 3021 363 3080 20,
382 3022 406 3070 6.
640 3017 713 3084 griffo
725 3017 770 3071 der
777 3018 871 3070 Rdmer
879 3034 911 3070 au
920 3019 1064 3071 verstehen.
1093 3017 1151 3086 Vgl.

114 3087 138 3136 t.
173 3085 288 3149 glande:
316 3086 512 3153 ,Bleilrugcln“;
545 3087 590 3139 der
641 3092 735 3138 centra
753 3088 818 3138 haec
836 3090 877 3152 tt,
894 3090 919 3139 4.

80 3151 178 3218 Singul.
203 3168 248 3203 zur
265 3152 443 3221 Bezeichnung
468 3155 513 3207 der
530 3155 589 3208 Gat-
673 3158 760 3220 picem
788 3159 836 3206 etc.
872 3154 1001 3221 l'lirssiges
1028 3153 1096 3206 Pech
1125 3154 1150 3204 in

80 3219 303 3286 tung‚wieu.a.
325 3224 407 3285 1t,5.
641 3221 763 3275 Gelassen
787 3222 876 3274 wurde
909 3222 989 3274 durch
1020 3221 1152 3288 hineinge-

113 3288 196 3353 procl.
214 3291 243 3338 in
261 3290 383 3338 manibus
406 3288 511 3349 faeere:
539 3291 589 3351 ,im
640 3291 753 3342 worfeue
777 3289 923 3342 brennende
942 3288 1081 3342 Schwelel-
1099 3288 1152 3340 und

79 3355 278 3423 llandgemenge
287 3371 319 3408 zu
332 3355 466 3422 himplen“
477 3383 511 3402 =
521 3374 589 3408 com·
639 3356 1152 3424 lliouholzstbcheaugezdndetunddiese

79 3423 590 3560 tttttlttlttdtttttltl
639 3425 789 3560 llllldll
806 3424 1058 3560 ltdtttl't‘t
1075 3425 1151 3545 llll

80 3560 136 3612 Arr.
157 3560 219 3629 Eup.
237 3560 309 3612 Alex.
328 3563 352 3625 2,
373 3564 412 3627 10,
431 3509 589 3619 ὅρἉλέξαν-
641 3577 724 3626 cupas
743 3561 822 3611 taeda
840 3577 873 3612 ao
896 3564 957 3627 pice
979 3533 1153 3622 resertaa'in·

81 3624 145 3693 δρος
174 3668 207 3682 ..
237 3625 267 3681 ἓν
299 3626 378 3698 χερσὶ
413 3627 465 3690 τὴν
499 3624 590 3698 μάχην
642 3629 872 3695 candentemque
891 3629 923 3680 da
940 3644 1018 3681 muro
1037 3632 1066 3680 ic
1083 3645 1153 3680 mua-

79 3690 203 3757 ποιήσας.
642 3697 730 3747 aulum
749 3696 899 3750 devolvunt.
