2602 4358
357 183 400 238 DE
418 183 518 236 BELLO
537 183 689 236 lUGlJRTll.
725 185 754 237 G.
774 187 865 238 8—10.
1091 183 1150 244 101

77 366 225 439 pergeret,
240 365 355 419 suamet
369 357 468 437 ipsum
483 358 611 437 pecunia
627 356 820 437 praecipitem
836 375 983 418 casurum.
1007 357 1056 419 Sic
1068 357 1151 420 loeu—
1168 362 1188 418 9
1233 397 1236 401 ›

76 453 125 506 tus
141 461 208 504 cum
223 443 328 504 litteris
350 461 436 519 eum,
459 461 532 521 quas
547 442 687 522 Micipsae
709 442 862 516 redderet,
886 442 1006 503 dimisit.
1042 443 1183 504 Earuml

77 527 225 590 sententia
240 529 313 589 haec
328 536 405 589 erat:
429 527 610 606 „Iugurthae
632 527 674 588 tui
695 527 773 589 hello
789 527 971 589 Numantino
985 527 1074 608 longe
1090 547 1153 590 ma-

77 631 164 675 xuma
179 612 272 674 virtus
287 612 360 686 luit,
383 624 471 691 quam
494 631 557 673 rem
579 611 631 672 tihi
648 621 728 674 certo
744 613 807 674 scio
823 612 930 691 gaudie
950 631 1024 674 esse.
1061 612 1153 674 Nobis

78 699 116 759 eb
131 697 235 758 merita
251 716 304 758 sua
320 714 407 757 carus
422 707 481 772 est;
504 707 537 759 ut
553 697 631 758 idem
646 697 762 759 senatui
778 706 805 759 et
826 697 939 776 populo
954 697 1089 758 Romano
1105 697 1152 772 sit,

77 801 192 845 summa
214 801 271 862 cpe
286 781 426 842 nitemur.
463 781 529 843 Tibi
545 780 665 862 quidem
680 801 735 862 pre
751 791 853 844 nostra
868 783 994 844 amicitia
1011 783 1152 862 gratuler.

77 868 123 929 En
138 867 229 928 hahes
244 868 339 928 virum
356 866 478 946 dignum
493 878 522 930 te
537 875 626 946 atque
641 885 694 928 avo
709 886 764 928 suc
779 867 966 929 Masinissa.“
981 867 1076 947 Igitur
1090 887 1153 944 rex,
1168 876 1184 926 3

77 952 130 1013 ubi
146 971 196 1027 ea,
218 971 294 1032 quae
309 953 384 1013 lama
400 961 571 1032 acceperat,
595 971 630 1013 ex
644 951 750 1014 litteris
766 952 952 1032 imperatoris
967 952 1006 1014 ita
1021 971 1086 1014 esse
1103 972 1153 1014 co-

79 1037 191 1117 gnovit,
207 1056 274 1099 cum
289 1037 396 1099 virtute
410 1047 474 1099 tum
490 1037 583 1117 gratia
596 1037 652 1098 viri
667 1046 819 1117 permotus
833 1038 914 1098 flexit
924 1036 1054 1098 animum
1066 1036 1154 1098 suum

81 1130 111 1184 et
125 1122 298 1200 Iugurtham
312 1122 465 1184 beneficiis
478 1123 597 1184 vincere
607 1140 765 1202 aggressus
775 1131 836 1198 est;
852 1122 1009 1202 statimque
1024 1141 1092 1183 eum
1103 1122 1154 1183 ad-

79 1208 188 1286 optavit
209 1215 238 1269 et
258 1215 434 1270 testamento
456 1209 568 1288 pariter
590 1227 659 1270 cum
680 1208 748 1270 filiis
762 1207 902 1269 heredem
920 1207 1057 1268 instituit.
1095 1207 1185 1268 Sed4

77 1292 142 1371 ipse
157 1311 270 1371 paucos
291 1300 360 1373 pest
381 1311 476 1354 annos
498 1293 603 1354 morho
618 1300 706 1372 atque
727 1300 821 1354 aetate
843 1293 996 1353 conlectus
1013 1310 1080 1353 cum
1096 1291 1153 1352 sihi

78 1377 169 1437 finem
184 1376 258 1438 vitae
273 1378 375 1438 adesse
390 1377 585 1455 intellegeret,
601 1396 699 1439 coram
712 1377 813 1439 amicis
829 1384 857 1438 et
872 1377 1007 1455 cognatis
1022 1378 1153 1457 itemque

78 1461 242 1523 Adherbale
258 1469 287 1523 et
298 1461 466 1542 Hiempsale
480 1462 548 1523 filiis
564 1462 672 1524 dicitur
686 1462 812 1524 huiusce
826 1462 905 1522 modi
921 1461 1009 1523 verba
1025 1481 1092 1524 cum
1104 1461 1154 1524 lu-

78 1547 185 1626 gurtha
200 1546 353 1607 hahuisse:

166 1631 312 1708 „Parvum
328 1649 392 1709 ego,
408 1631 560 1708 iugurtha,
575 1639 614 1707 te,
638 1632 745 1692 amisso
761 1639 845 1710 patre
858 1632 925 1692 sine
939 1648 993 1710 spe
1008 1631 1073 1691 sine
1089 1631 1154 1710 opi·
1171 1631 1207 1687 1⁰

77 1715 149 1791 hus,
172 1717 203 1776 in
226 1734 354 1795 regnum
376 1734 476 1778 meum
497 1717 613 1796 accepi,
636 1717 816 1778 existumans
837 1734 898 1778 uon
915 1715 1014 1776 minus
1029 1735 1076 1776 me
1090 1716 1154 1793 tihi,

78 1802 207 1880 quamsi
223 1801 408 1878 genuissem,
431 1799 468 1861 cb
483 1801 626 1863 beneficia
641 1819 742 1863 carum
757 1801 837 1862 lore:
861 1820 959 1881 neque
982 1820 1015 1862 ea
1036 1819 1085 1862 res
1100 1800 1154 1862 fal·
1179 1851 1182 1855 ,

78 1904 144 1947 sum
160 1904 207 1948 me
222 1887 334 1948 hahuit.
356 1886 439 1961 Nam,
458 1893 493 1947 ut
506 1886 562 1948 alia
577 1904 683 1966 magna
698 1895 726 1948 et
742 1885 859 1966 egregia
875 1893 926 1948 tua
941 1887 1082 1961 omittam,
1098 1905 1153 1946 nc·
1168 1893 1184 1943 2

77 1971 206 2033 vissume
226 1971 344 2033 rediens
359 1971 516 2032 Numantia
536 1990 643 2052 meque
665 1989 851 2051 regnumque
870 1990 970 2033 meum
992 1971 1084 2049 gloria
1099 1971 1154 2031 hu-

79 2057 218 2118 ncraristi
240 2064 350 2135 tuaque
365 2057 472 2118 virtute
495 2056 582 2118 nubis
597 2057 747 2118 Romanos
769 2076 805 2118 ex
826 2057 928 2118 amicis
949 2056 1155 2118 amicissumos

78 2142 190 2217 lecisti3
214 2140 246 2202 in
267 2140 409 2223 Hispania
432 2160 540 2203 nemen
563 2142 690 2204 familiae
711 2151 884 2203 renovatum
907 2149 968 2216 est;
992 2149 1153 2221 postremo,

112 2290 141 2347 9.
159 2294 183 2346 2.
200 2291 287 2342 idem:
305 2291 368 2343 nach
380 2291 534 2345 bekanntem
544 2291 592 2346 Ge·
643 2291 713 2344 starb
723 2294 773 2346 636
783 2292 862 2355 (118).
889 2291 1076 2343 Etwasanders
1086 2291 1155 2342 steht

79 2358 531 2423 5111111181511111111111111
548 2376 592 2412 um
644 2363 686 2424 58,
704 2363 719 2412 5
738 2363 845 2411 etcum:
865 2375 982 2426 propere
999 2359 1155 2427 gegendber.

79 2427 121 2479 eiu
144 2441 223 2479 neues
241 2426 375 2478 Praedicat
397 2427 464 2494 (hier
487 2445 542 2480 ren.
566 2434 594 2479 et
677 2427 723 2483 10.
741 2431 802 2480 lin
811 2427 925 2494 regnum
934 2443 1034 2478 meum:
1052 2442 1084 2477 zu
1094 2431 1120 2491 5,
1130 2431 1155 2480 7.

78 2510 141 2562 pop.
161 2493 235 2546 Rom.
254 2497 345 2560 carue)
363 2493 558 2563 hinzuzufdgen.
678 2499 703 2546 si
718 2498 884 2560 genuissem:
902 2495 978 2547 niml.
1000 2501 1033 2558 te,
1052 2496 1107 2546 also
1122 2520 1157 2540 ==

113 2579 164 2628 pro
183 2601 190 2614 .
208 2602 215 2615 .
235 2565 372 2614 amicitia.-
389 2578 421 2614 zu
443 2565 482 2625 11,
503 2568 524 2616 l.
644 2567 669 2614 st·
685 2569 764 2629 puter
782 2569 843 2614 tuus
859 2578 956 2622 essem
974 2561 1016 2613 die
1026 2563 1114 2613 Worte
1123 2562 1155 2612 ob

82 2662 85 2669 ‹
115 2635 137 2684 3.
155 2634 264 2696 gratia:
282 2629 394 2682 namlich
410 2630 453 2682 hei
463 2630 549 2698 Scipio
568 2647 592 2685 u.
645 2630 773 2692 beneficia
790 2630 877 2681 bilden
890 2629 955 2681 dazn
966 2629 1016 2680 den
1033 2630 1156 2682 betouten

80 2699 130 2750 den
148 2699 258 2752 Rdmem
277 2698 429 2765 uberhaupt.
644 2698 794 2765 Gegensatz.
829 2697 877 2750 Der
894 2697 956 2749 Sinn
979 2697 1013 2748 ist
1039 2696 1095 2759 „die
1118 2711 1156 2749 er-

115 2768 198 2830 benes.
209 2771 332 2818 vincere.-
340 2767 366 2817 in
377 2766 497 2819 auderem
505 2765 592 2832 Since,
644 2767 765 2818 werhene
773 2765 850 2817 hiehe
859 2764 945 2817 werde
958 2765 1029 2816 nicht
1038 2764 1157 2832 geringer

80 2835 118 2886 als
139 2837 249 2896 102.11;
270 2834 467 2900 110,5,1ο11
486 2837 593 2886 vincere
644 2835 711 2899 sein,
745 2833 783 2886 als
816 2833 873 2886 eine
906 2833 1067 2900 angeborene
1101 2832 1156 2885 sein

80 2918 128 2954 nur
161 2902 208 2955 das
242 2903 480 2956 Uebertrefien
522 2903 593 2970 liegt.
644 2901 757 2954 wiirde.“

79 2970 139 3022 llier
163 2971 261 3024 enthilt
286 2986 314 3024 es
332 2971 526 3040 hauptsdchlich
551 2971 592 3024 die
679 2971 779 3034 fulsum
788 2967 1157 3036 mulctarit-ungewdhnlich

80 3038 235 3107 Audentung
258 3039 303 3092 des
329 3039 479 3106 Erfolgs‚
502 3039 527 3089 in
546 3039 594 3091 Be·
645 3039 686 3090 hir
703 3055 744 3089 me
767 3036 872 3100 fefellit.
908 3037 953 3090 Als
973 3037 1065 3088 Partie.
1084 3037 1155 3089 Pass.

80 3121 130 3173 aug
148 3108 193 3158 111
208 3107 254 3160 das
272 3110 323 3172 6,2
343 3107 381 3160 bis
399 3112 424 3174 1,
440 3109 455 3159 2
474 3107 594 3175 Gesagte.
645 3106 713 3159 steht
731 3106 804 3169 salsi'
816 3105 882 3157 auch
900 3108 942 3169 85,
961 3108 1002 3157 20.

116 3180 332 3238 aggressusest:
368 3175 413 3228 Die
431 3176 530 3229 Goustr.
548 3175 594 3227 mit
679 3178 703 3228 2.
728 3178 891 3226 novissume:
915 3173 961 3224 mit
985 3173 1042 3225 dem
1061 3173 1157 3241 llaupt·

81 3241 139 3293 dem
157 3242 203 3293 lnl.
221 3242 287 3293 auch
305 3245 346 3307 21,
365 3247 393 3303 3;
413 3248 455 3307 15,
473 3247 498 3296 2.
644 3245 750 3295 verbum
770 3244 938 3294 honoravisti
957 3256 988 3292 zu
1007 3242 1155 3294 verbinden.

114 3313 220 3360 rtatim:
238 3308 330 3375 geheirt
347 3310 417 3362 blcss
436 3326 468 3362 zu
479 3311 593 3378 adopta·
644 3310 690 3362 Ilie
707 3310 779 3362 llralt
796 3311 841 3362 des
858 3309 961 3361 Wcrtes
984 3309 1018 3360 ist
1036 3323 1101 3376 ganz
1118 3324 1158 3360 re-

81 3381 129 3442 vit,
146 3391 201 3429 was
219 3376 274 3427 also
293 3377 512 3444 111116211133)
531 3378 594 3431 oder
644 3378 723 3443 latis,
741 3379 795 3445 vgl.
813 3379 867 3429 Cat.
886 3381 928 3441 33,
946 3371 976 3442 21
999 3377 1052 3443 lug.
1076 3381 1112 3439 19,
1132 3380 1157 3441 7,

80 3445 168 3512 wenig
191 3445 278 3512 spdter
301 3445 421 3510 erlnlgte,
449 3446 501 3497 und
525 3446 594 3498 steht
645 3447 695 3498 wie
712 3445 754 3498 die
772 3445 878 3497 auderet
896 3445 1003 3508 1161111,
1022 3460 1043 3496 s.
1061 3445 1157 3498 zuGat.

81 3514 139 3566 dem
158 3517 314 3564 testamento
323 3512 358 3562 im
367 3512 429 3578 iulg.
440 3514 595 3579 gegemiher,
647 3517 688 3580 37,
709 3517 748 3566 ll.
783 3513 829 3565 Die
846 3512 1033 3565 Zwischenzeit
1057 3513 1158 3579 hetrigt

81 3581 202 3645 welches,
222 3580 287 3632 nach
302 3583 366 3645 11‚6
384 3579 523 3632 hdchstens
541 3581 595 3633 drei
646 3586 714 3634 etue
734 3586 764 3634 12
782 3581 867 3645 lehre,
885 3595 906 3632 s.
924 3596 956 3631 zu
974 3583 999 3645 e,
1019 3583 1042 3632 3.

81 3649 158 3702 Jahre
181 3665 227 3701 rer
251 3648 371 3716 lllicipsas
392 3648 507 3700 Ahlehen
530 3648 595 3714 (dies
680 3648 1157 3714 renovatum:lmzweitenpunischen

81 3718 138 3769 sind
157 3717 197 3769 die
214 3720 299 3784 pauci
316 3719 383 3768 anni
401 3717 417 3783 ξ
433 3719 460 3782 4)
477 3717 595 3779 verlasst,
646 3717 738 3784 llriege
756 3717 825 3768 hatte
841 3715 932 3768 Masin.
949 3715 1015 3767 auch
1031 3715 1157 3783 inllispa·

82 3785 126 3836 ihn
159 3785 224 3837 anch
264 3785 301 3837 als
334 3783 594 3853 gleichberechtigteu
647 3785 706 3837 nien
731 3785 777 3836 mit
799 3783 995 3850 Auszeichnung
1018 3784 1157 3851 gekimplt.

83 3853 247 3906 Threnerben
274 3853 437 3906 anerkanute.
488 3851 594 3921 Micipsa
646 3853 680 3904 Er
697 3853 751 3920 galt
767 3867 815 3904 vor
833 3852 1093 3921 seinerVerhindnng
1111 3853 1158 3904 mit
