2602 4358
155 167 195 231 aa
463 244 468 254 ι
521 169 549 223 c.
566 168 717 225 secessu
736 168 838 224 crusm

153 347 185 408 in
198 351 308 427 quauta
323 343 485 406 calamitate
501 343 551 418 sis,
567 352 596 405 et
609 345 779 406 memineris
795 351 823 405 te
839 344 934 406 virum
950 362 1031 419 esse;
1047 342 1230 421 consideres,

153 432 223 512 quid
239 438 307 492 tuae
323 428 452 490 rationes
466 428 631 508 postulent;
653 429 793 490 auxilium
817 440 899 510 petas
913 430 949 492 ab
965 429 1119 503 omnibus,
1142 429 1231 492 etiam

155 521 191 581 ab
206 515 345 578 infimis.“

125 609 141 660 t
240 600 285 662 td
299 600 358 660 boc
371 597 505 660 mandata
520 597 618 660 verbis
633 598 695 660 dat:
719 617 787 660 cum
802 601 838 661 ab
855 610 959 662 senatu
974 601 1067 662 bostis
1082 598 1232 661 iudicatus

155 689 202 766 sit,
219 704 278 766 quo
294 683 418 746 consilio
433 683 549 744 servitia
563 682 722 763 repudiet?
744 685 774 746 in
792 685 865 746 urbe
879 696 980 765 parata
994 705 1058 748 esse
1075 702 1150 764 quae
1165 684 1229 746 ius·

155 774 243 846 serit3
260 790 297 832 ne
313 775 470 831 cunctetur
485 770 551 849 ipse
565 770 690 848 propius
704 770 854 831 accedere.

101 856 139 915 45
239 854 293 917 His
307 854 397 916 rebus
414 853 454 915 ita
475 854 565 929 actis,
587 855 745 916 constituta
768 864 855 916 nocte
877 873 936 935 qua
956 855 1230 934 proficiscerentur,

154 941 256 1004 Cicero
271 958 326 1021 per
347 940 458 1018 legatos
473 947 581 1000 cuncta
603 939 725 1001 edoctus
739 939 773 1000 L.
789 940 905 1001 Valerio
920 939 1025 1001 Flacco
1047 947 1075 1002 et
1090 939 1123 1002 6.
1138 938 1230 999 Pom·

153 1028 238 1108 ptino
252 1024 439 1106 praetoribus
452 1024 592 1104 imperat,
614 1033 648 1085 ut
666 1024 698 1086 in
713 1034 804 1106 ponte
819 1024 927 1086 blulvio
942 1043 999 1104 per
1011 1025 1133 1087 iusidias
1147 1022 1231 1085 Allo-

152 1114 279 1191 brogum
295 1111 450 1172 comitatus
465 1109 704 1188 deprehendant;
720 1129 784 1171 ram
799 1128 916 1172 omnem
932 1111 1043 1190 aperit,
1059 1110 1144 1171 cuius
1160 1126 1230 1188 gra·

123 1204 138 1254 t
152 1199 192 1259 tia
207 1196 415 1268 mittebantur3
432 1203 539 1270 cetera,
554 1195 598 1256 uti
608 1194 685 1256 facto
698 1214 774 1275 opus
786 1195 834 1271 sit,
850 1195 889 1256 ita
900 1204 988 1274 agant
998 1196 1151 1275 permittit.
1170 1192 1228 1269 illi,

153 1283 289 1343 homines
299 1280 451 1356 militares,
467 1279 533 1341 sine
543 1279 671 1341 tumultu
684 1280 838 1360 praesidiis
849 1280 1020 1355 conlocatis,
1037 1280 1126 1342 sicuti
1140 1296 1230 1361 prae·

123 1377 138 1427 3
153 1376 272 1447 ceptum
289 1373 365 1440 erat,
386 1365 503 1426 occulte
520 1373 641 1445 pontem
657 1365 807 1428 obsidunt.
837 1366 998 1446 Postquam
1015 1367 1050 1428 ad
1066 1365 1095 1426 id
1110 1364 1170 1426 loci
1185 1363 1230 1425 le-

154 1453 211 1532 gati
221 1469 288 1513 cum
298 1451 450 1513 Volturcio
462 1459 608 1512 venerunt
618 1459 648 1511 et
659 1450 747 1512 simul
757 1451 907 1530 utrimque
919 1451 1029 1512 clamor
1041 1459 1161 1512 exortus
1173 1458 1230 1521 cst,

122 1546 138 1596 t
153 1537 228 1601 Galli
243 1537 301 1598 cito
317 1536 437 1616 cognito
448 1535 648 1597 consiliosius
662 1554 743 1598 mora
755 1536 941 1616 praetoribus
954 1555 986 1598 se
997 1536 1127 1597 tradunt.
1158 1534 1230 1596 Vol-

151 1622 267 1685 turcius
282 1623 379 1702 primo
395 1622 565 1683 cohortatus
577 1630 692 1683 ceteros
703 1621 798 1701 gladio
812 1640 844 1683 se
855 1640 871 1682 a
883 1621 1072 1683 multitudine
1085 1619 1230 1698 defendit,

152 1708 269 1781 deinde,
284 1707 336 1769 ubi
351 1727 367 1768 a
381 1706 484 1786 legatis
500 1708 634 1768 desertus
649 1714 703 1782 est,
717 1707 808 1768 multa
824 1708 908 1786 prius
919 1707 955 1768 de
966 1706 1061 1767 salute
1072 1723 1126 1767 sua
1137 1703 1229 1766 Pom-

151 1793 270 1874 ptinum
286 1791 457 1866 obtestatus,
474 1791 553 1870 quod
570 1792 597 1853 ei
612 1799 702 1852 notus
717 1801 789 1866 erat,
805 1801 957 1871 postremo
972 1791 1092 1852 timidus
1101 1808 1135 1852 ac
1150 1791 1230 1852 vitae

153 1877 288 1939 diffidens
302 1877 382 1938 velut
396 1877 532 1938 hostibus
547 1895 612 1938 sese
626 1876 813 1956 praetoribus
827 1876 916 1938 dedit.

101 1955 139 2014 46
239 1962 353 2034 Quibus
374 1961 465 2023 rebus
480 1962 622 2023 conlectis
637 1961 736 2023 omnia
760 1980 889 2042 propere
903 1980 958 2041 per
973 1961 1094 2024 nuntios
1108 1959 1230 2023 consuli

121 2047 348 2109 2declarantur.
378 2051 416 2108 At
430 2046 511 2108 illum
528 2046 634 2125 ingens
657 2065 728 2109 cura
748 2055 836 2126 atque
858 2047 966 2108 laetitia
987 2045 1075 2108 simul
1096 2063 1229 2126 occupa·

152 2180 200 2215 raa
229 2163 347 2228 Lentule]
376 2164 434 2212 sinn
462 2165 581 2228 nomino,
616 2162 664 2213 aad
713 2162 824 2214 Narbon.
850 2162 891 2215 die
917 2165 1049 2230 empdrten
1071 2161 1227 2227 Allobroges

152 2235 207 2282 ita:
226 2231 291 2296 Quis
308 2234 372 2289 sim,
391 2233 458 2281 aeica
476 2247 511 2281 cac
528 2247 568 2294 eo,
585 2246 662 2296 quam
713 2234 755 2295 (zu
773 2235 815 2297 50,
830 2233 867 2295 1);
886 2233 936 2283 703
953 2235 1008 2296 (51)
1025 2231 1105 2297 Legat
1122 2227 1227 2282 Ciceros

152 2300 189 2351 ad
206 2305 231 2351 to
247 2303 317 2352 mici.
354 2298 438 2362 Cura,
461 2305 492 2350 ut
508 2301 551 2350 uir
567 2302 618 2364 cis,
637 2305 664 2350 ct
712 2300 738 2350 in
757 2299 868 2352 Cilicieu.

153 2371 258 2434 cogita,
281 2383 358 2434 quarn
379 2369 409 2418 in
432 2366 519 2418 locum
545 2370 582 2417 ads
598 2383 661 2433 pro·
743 2373 826 2433 ponta
854 2366 972 2417 Mulvio:
999 2366 1040 2418 die
1066 2364 1227 2418 udrdlicbate

150 2451 265 2501 poema.
284 2435 387 2486 staldo
405 2434 472 2502 quid
489 2436 538 2486 tibi
553 2438 609 2485 iam
625 2438 662 2485 eit
713 2433 893 2497 'l'iberbrdcke‚
912 2435 1039 2487 ibereine
1053 2433 1128 2485 balbe
1154 2446 1228 2500 eogr.

151 2520 267 2566 necasse,
292 2510 401 2555 staura
424 2509 455 2554 act
476 2506 594 2554 omnium
614 2505 663 2553 tibi
712 2503 788 2556 bleile
806 2518 865 2555 vom
882 2503 951 2554 alten
971 2502 1043 2564 Rom,
1056 2503 1123 2567 jetzt
1163 2504 1228 2553 oute

153 2573 259 2623 ancilia
283 2572 432 2637 adiungas,
455 2575 536 2622 ctiam
558 2571 662 2633 infimo·
712 2570 804 2634 Molle,
829 2571 909 2624 uilior
925 2570 982 2622 dem
1001 2569 1149 2622 nordlicben
1166 2569 1228 2620 Ein-

152 2656 221 2694 runn
713 2655 797 2706 gange
823 2639 869 2692 des
887 2654 968 2690 neuen
986 2639 1073 2690 Roms.
1108 2637 1154 2689 Die
1180 2640 1227 2688 via

185 2707 232 2764 45.
255 2712 276 2759 l.
294 2713 371 2758 nocto
388 2723 441 2773 qua
458 2709 662 2774 proficabccrcn·
712 2707 850 2758 Flaminia
867 2706 951 2758 lubrie
972 2706 1087 2758 dardber.

153 2783 212 2828 tur:
240 2775 281 2827 die
298 2775 382 2826 Nacbt
405 2790 462 2827 zum
481 2779 506 2828 3.
525 2775 583 2828 Dec.
603 2778 661 2828 691.
746 2776 850 2827 Allodr.
878 2778 1035 2826 comitatus:
1061 2773 1087 2824 d.
1105 2772 1123 2826 i.
1148 2772 1225 2824 Allo-

151 2846 214 2897 Zum
238 2858 336 2910 ganzen
353 2843 414 2909 Gap.
432 2844 484 2910 vgl.
503 2843 553 2895 Gic.
572 2843 625 2894 (lat.
645 2846 661 2896 3
714 2844 808 2908 drogas
832 2848 858 2894 ct
875 2858 964 2893 omncs
982 2845 1029 2908 qui
1052 2856 1096 2892 cos
1114 2843 1227 2893 comita·

152 2914 222 2972 o.2;
241 2913 332 2974 zu48,
352 2914 375 2962 1.
713 2914 820 2962 bantur.
858 2910 918 2973 „Ille
954 2925 1016 2962 anre
1030 2908 1226 2975 Allobrogiscbc

188 2978 312 3033 Valerio:
329 2977 531 3030 Erbattesclron
548 2977 586 3030 als
600 2980 661 3043 jun·
712 2927 978 3045 Reisegesellschaii.“

152 3063 198 3116 ger
214 3047 289 3099 Manu
312 3052 387 3098 unter
410 3045 505 3098 seinem
525 3047 566 3110 (zu
585 3049 659 3111 33,2
747 3050 770 3101 2.
789 3048 935 3098 militares:
954 3049 996 3109 59,
1013 3048 1042 3105 6;
1060 3044 1115 3097 biv.
1127 3045 1170 3111 35,
1188 3046 1225 3097 26

152 3114 397 3178 erwahnten)llater
408 3113 597 3182 Kriegsdienste
615 3130 660 3182 ge·
711 3115 782 3166 nibil
800 3133 830 3165 ea
840 3131 883 3165 ros
895 3117 1014 3166 animum
1026 3113 1153 3163 militaris
1170 3114 1227 3162 otri

151 3185 222 3250 than,
240 3183 306 3236 danu
324 3183 361 3234 als
373 3182 547 3250 Kriegstribun
565 3183 591 3234 in
601 3183 660 3234 Gili-
715 3189 740 3234 ct
756 3183 855 3234 multoe
872 3185 979 3249 experti
993 3197 1071 3233 canu
1079 3183 1225 3231 imminuit.

152 3253 216 3318 cien,
234 3253 271 3303 als
290 3249 399 3311 Quietor
416 3251 441 3301 in
460 3249 580 3318 Spanien,
599 3250 660 3302 end·
746 3256 769 3306 3.
784 3253 891 3316 cognito
911 3250 1037 3301 consilio:
1056 3247 1132 3302 ndml.
1144 3246 1228 3300 durcb

150 3320 201 3372 licb
212 3320 276 3372 auch
286 3334 367 3386 gegen
379 3318 512 3371 diellreter
521 3318 660 3386 gelamplt.
712 3319 753 3372 die
771 3317 1225 3372 dazwischentrete'ndenPraetorem.

151 3388 250 3457 spatas,
267 3389 377 3439 von692
388 3389 492 3453 (butan,
510 3388 659 3440 verwaltete
745 3392 769 3440 l.
787 3387 875 3438 dedit:
895 3403 944 3439 von
964 3387 1037 3437 dedo.

151 3455 659 3523 eralsPropraetordieProndsiemim
743 3453 789 3510 46.
807 3458 831 3507 2.
850 3458 945 3520 ingens
955 3470 1022 3506 cura
1040 3453 1092 3506 und
1101 3453 1148 3506 das
1157 3453 1222 3522 folg.

150 3525 174 3579 J.
185 3528 234 3579 695
245 3527 299 3589 (56)
312 3530 393 3588 repet.
404 3523 553 3591 angeklagt‚
570 3522 659 3574 wurde
710 3528 810 3575 aramue
827 3523 954 3575 schildern
972 3536 1036 3589 gana
1054 3536 1224 3589 angemessen

152 3609 179 3645 er
195 3609 247 3645 von
265 3593 315 3644 Cic.
334 3593 360 3643 in
385 3592 431 3645 der
448 3591 513 3644 noch
533 3594 661 3659 grdssten-
712 3593 758 3645 das
776 3591 868 3645 Getnhl
886 3591 985 3644 Ciceros
1007 3591 1042 3642 im
1060 3589 1224 3658 Augeublick

151 3661 227 3713 tbeils
245 3659 391 3712 erbalteuen
409 3659 479 3712 Rede
496 3659 660 3726 tertbeidigt
711 3658 1146 3777 dereintretendeuEntscbeidnnffi,
1157 3658 1225 3710 auch

151 3728 203 3779 und
220 3729 434 3795 freigesprochen.
712 3744 787 3781 wenn
800 3744 827 3781 er
836 3728 927 3780 vorher
943 3727 989 3778 mit
1007 3727 1061 3780 sich
1078 3726 1114 3778 im
1148 3726 1225 3779 einen

186 3797 341 3862 Pomptino:
375 3796 408 3846 Er
433 3795 547 3862 besiegte
565 3798 659 3862 spater,
712 3812 831 3863 genesen
850 3810 917 3860 war,
942 3795 991 3846 wic
1008 3793 1050 3846 die
1065 3793 1225 3848 Verbrecber

152 3865 201 3918 693
219 3866 288 3931 (61),
311 3864 348 3916 als
366 3862 518 3930 Propraetor
535 3864 561 3914 in
579 3862 659 3916 Gallia
711 3864 816 3918 bestralt
833 3863 938 3916 werden
955 3866 1078 3916 mussten.
