2602 4358
412 175 452 227 on
470 173 553 229 cont
573 172 675 227 corn.
711 174 739 226 o.
758 177 798 226 ao.
817 177 859 227 tt.
1130 170 1171 232 39

98 351 183 412 vitias
198 367 265 410 suas
276 348 394 409 vincere
410 354 573 426 nequeunt.
603 347 641 406 At
655 344 742 406 nobis
758 357 803 408 est
817 346 897 407 domi
911 347 1021 426 inopia,
1036 347 1109 406 ioris
1121 365 1170 408 aes
1183 359 1212 410 13

101 436 237 508 alienum,
253 433 327 494 mala
342 451 399 506 res,
415 451 484 512 spes
499 431 592 492 multo
607 431 757 510 asperior;
773 431 902 511 denique
915 431 986 511 quid
996 430 1103 510 reliqui
1119 432 1171 493 ha·

100 520 202 581 liemus
220 528 338 598 praeter
358 518 496 578 miseram
517 513 668 576 animam?
697 515 776 586 Quin
797 516 889 594 igitur
910 515 1170 595 expergiscimini?
1183 529 1213 579 14

100 605 144 666 lln
160 604 288 678 illailla,
305 621 391 682 quam
408 621 495 680 saepe
511 600 649 680 optastis,
665 600 799 675 libertas,
822 612 974 680 praeterea
989 601 1104 662 divitiae
1120 601 1170 662 de-

101 709 152 750 cus
167 689 259 768 gloria
275 688 306 749 in
323 687 417 748 oculis
433 687 487 748 sita
502 695 589 760 sunt3
612 687 730 746 fortuna
745 687 844 746 omnia
859 705 893 746 ea
906 685 1067 747 victoribus
1082 704 1171 765 prae·

98 775 156 835 mia
177 773 286 853 posuit.
322 772 381 832 Res
402 782 519 850 tempus
540 770 672 849 pericula
694 781 822 848 egestas,
849 769 918 832 belli
939 771 1034 850 spolia
1055 770 1210 849 magni-15

98 860 152 919 fica
167 858 260 936 magis
273 875 362 936 quam
384 856 476 917 oratio
498 875 563 916 mea
584 873 635 916 vos
656 855 823 915 hortantur.
853 854 905 915 Vel
926 856 1103 934 imperatore
1124 855 1170 916 vel
1184 867 1211 918 tt

98 943 191 1004 milite
204 961 252 1003 me
267 941 405 1003 utemini:
429 960 527 1020 neque
547 940 664 1001 animus
686 959 783 1018 neque
804 959 914 1019 corpus
936 959 952 1000 a
971 941 1053 1001 vobis
1067 940 1169 1001 aberit.

99 1027 178 1088 llaec
192 1028 272 1107 ipsa,
295 1037 328 1087 ut
344 1045 448 1106 spero,
468 1025 619 1086 vobiscum
643 1043 702 1086 una
717 1025 823 1086 consul
838 1044 937 1104 agam,
959 1025 1016 1086 nisi
1032 1027 1108 1086 forte
1123 1044 1170 1086 me
1184 1040 1209 1088 tt

96 1113 215 1174 animus
230 1113 302 1173 fallit
318 1120 347 1172 et
362 1129 412 1172 vos
427 1111 537 1172 servire
552 1109 645 1189 magis
660 1127 749 1188 quam
764 1109 909 1189 imperare
924 1110 1017 1190 parati
1033 1110 1133 1176 estis‚“

182 1197 342 1275 Postquam
357 1215 498 1275 accepere
513 1215 546 1257 ea
561 1195 706 1268 homines,
723 1194 831 1274 quibus
846 1196 920 1255 mala
936 1195 1054 1256 abunde
1069 1195 1214 1257 omnia21

96 1293 191 1350 erant,
204 1283 255 1344 sed
267 1300 364 1361 neque
374 1301 423 1342 res
434 1299 531 1360 neque
547 1299 617 1360 spes
627 1280 704 1340 bona
716 1279 784 1353 ulla,
802 1280 918 1341 tametsi
929 1280 987 1341 illis
997 1279 1096 1359 quieta
1106 1298 1171 1340 mo-

96 1385 165 1428 vere
175 1385 281 1446 magna
291 1384 405 1427 meroes
417 1366 577 1439 videbatur,
589 1374 688 1426 tamen
700 1364 886 1444 postulavere
898 1366 1043 1446 plerique,
1057 1376 1089 1426 ut
1100 1383 1171 1447 pro-

96 1461 233 1531 poneret,
249 1470 324 1531 quae
339 1450 474 1511 condicio
489 1450 559 1510 belli
574 1450 667 1524 soret,
688 1468 763 1528 qnae
778 1450 907 1528 praemia
922 1452 1010 1510 armis
1026 1459 1170 1529 peterent,
1248 1523 1250 1525 ι

78 1542 80 1546 ‘
95 1537 168 1615 quid
183 1536 295 1614 ubique
310 1535 376 1614 opis
391 1547 441 1596 aut
455 1535 520 1614 spei
534 1533 685 1609 haberent.
713 1534 789 1594 'lum
802 1532 924 1595 Catilina
935 1535 1069 1614 polliceri
1084 1534 1171 1595 tabu·
1185 1546 1200 1595 2

96 1621 139 1682 las
162 1639 267 1695 novas,
291 1620 538 1698 proscriptionem
558 1618 767 1698 locupletium,
797 1619 985 1698 magistratus
1008 1619 1171 1680 sacerdotia

96 1706 232 1784 rapinas,
254 1705 309 1765 alia
331 1706 445 1776 omnia,
468 1723 543 1783 quae
564 1703 674 1765 bellum
697 1713 785 1782 atque
805 1704 907 1765 lubido
928 1705 1074 1766 victorum
1095 1705 1169 1764 lert:

96 1799 248 1869 praeterea
263 1808 328 1851 esse
344 1790 375 1850 in
391 1788 531 1868 Hispania
548 1789 684 1851 citeriore
696 1787 845 1864 Pisonem,
862 1790 892 1852 in
909 1788 1089 1851 Mauretania
1104 1807 1172 1851 cum
1186 1800 1202 1851 3

96 1875 227 1936 exercitu
238 1873 271 1935 P.
284 1874 403 1935 Sittium
414 1874 608 1950 Nucerinum,
620 1873 725 1934 consili
737 1874 784 1934 sui
795 1874 971 1954 participes3
984 1883 1086 1954 petere
1097 1893 1171 1935 con·
1247 1892 1249 1898 ’

96 2055 154 2108 dem
174 2057 294 2107 lacerare
305 2061 384 2121 14,2;
402 2058 486 2110 dieser
502 2055 607 2108 unddie
660 2057 839 2123 Gegenstinde
864 2057 909 2110 der
927 2058 1007 2125 Frage
1032 2059 1170 2110 1151151115-

96 2124 317 2192 lolg.Ausdrtlcke
335 2125 384 2177 alle
402 2126 437 2177 im
446 2125 519 2178 Bilde
537 2125 607 2176 eines
659 2127 764 2178 stimmt.

95 2191 211 2259 llrieges,
228 2193 253 2244 in
265 2193 387 2246 welchem
397 2193 442 2246 der
459 2194 549 2261 eigene
560 2192 607 2244 Be·
694 2194 760 2260 quid
780 2196 885 2258 ubique.
915 2195 1013 2260 ubique
1031 2194 1065 2245 ist
1082 2195 1107 2245 in
1126 2193 1171 2246 der

95 2261 144 2312 sitz
162 2260 207 2312 der
224 2276 256 2312 zu
273 2262 456 2314 vernichtende
469 2261 546 2314 Feind
565 2261 606 2312 ist.
660 2261 854 2328 gewdhnliclien
867 2260 1020 2328 Bedeutung
1039 2262 1168 2322 „fiberall“

96 2328 131 2379 lm
149 2327 293 2380 Deutschen
313 2330 422 2395 passend
448 2330 500 2392 „sie
524 2329 607 2396 gehen
659 2345 692 2380 zu
710 2329 818 2381 nehmen
837 2329 897 2395 (wie
910 2333 951 2393 21,
973 2335 1000 2390 l;
1019 2333 1060 2394 31,
1080 2336 1109 2394 5;
1128 2334 1170 2395 51,

95 2394 290 2462 unbarmherzig
308 2398 355 2448 mit
371 2397 428 2448 dem
442 2397 520 2450 Gelde
539 2403 607 2450 nm“.
660 2400 706 2464 383
731 2397 784 2464 lug.
804 2399 846 2461 52,
865 2399 904 2460 5),
927 2413 956 2449 so
974 2397 1033 2451 dass
1052 2398 1092 2450 die
1110 2399 1170 2450 Fra-

133 2467 172 2516 13.
191 2480 248 2524 res,
272 2480 347 2528 spos:
377 2465 429 2530 vgl.
448 2469 495 2529 21,
521 2470 544 2517 1.
580 2465 607 2516 ln
659 2465 758 2530 geoden
777 2465 852 2517 dabei
870 2460 919 2516 alle
932 2464 992 2517 Orte
1010 2465 1120 2531 denken,
1137 2481 1170 2518 an

94 2529 179 2582 dieser
207 2532 430 2596 gegensitzlichen
455 2532 608 2598 Bedeutung
659 2531 742 2585 denen
760 2533 814 2585 sich
832 2539 914 2585 etwas
932 2533 972 2584 fur
990 2534 1026 2585 sie
1044 2539 1169 2584 erwarten

94 2597 183 2650 finden
202 2598 258 2650 sich
276 2598 317 2651 die
334 2599 425 2651 beiden
435 2601 524 2652 Worte
543 2599 608 2651 auch
658 2600 728 2652 liess.

95 2665 265 2719 beiAnderen
276 2666 436 2720 nichtselten
449 2683 607 2720 zusammen·
694 2671 717 2720 2.
737 2668 843 2718 tabulas
860 2683 958 2719 novas.-
981 2683 1046 2719 neue
1064 2666 1170 2719 Schuld-

94 2735 212 2800 gestellt3
232 2750 261 2786 so
279 2735 330 2788 Cic.
349 2735 382 2787 ad
399 2736 458 2789 lam.
473 2739 512 2802 12,
530 2739 572 2800 25,
590 2738 606 2788 2
658 2740 767 2802 register
784 2734 899 2801 (egilii,
917 2740 933 2787 4
951 2738 1029 2800 1133)
1047 2737 1170 2788 wodurch

95 2818 181 2867 neque
197 2803 283 2853 solum
301 2805 487 2870 spesedeerto
504 2822 534 2855 re
552 2808 606 2855 iam
659 2803 715 2855 eine
734 2802 1170 2870 ganzlicheBelreiungvonSchul-

95 2876 122 2920 et
138 2875 302 2934 possessione
321 2872 477 2924 deturbatur
494 2879 540 2925 ast.
659 2871 842 2923 deneintreten
853 2871 936 2937 sollte,
955 2872 1009 2924 also
1028 2872 1101 2924 einen
1138 2873 1171 2924 ri·

132 2941 171 2991 16.
195 2939 288 2988 vel-
305 2944 432 2991 utemini:
467 2940 530 2993 llass
553 2941 606 2993 Cat.
659 2940 796 3006 vilegirten
814 2939 968 3006 Banquerot.
1004 2941 1054 2992 Cic.
1071 2942 1097 2991 in
1114 2890 1170 2992 gat.

95 3005 607 3075 deerhreristgistselbstverstindllch
659 3010 684 3068 2,
703 3009 727 3073 8,
748 3010 794 3061 18;
818 3024 854 3058 an
873 3008 978 3058 tabulas
995 3009 1170 3060 1101αεῖ111-

93 3075 150 3138 ts&
165 3077 218 3139 ll);
236 3075 297 3126 aber
315 3091 342 3128 er
359 3077 503 3144 verspricht
520 3078 605 3143 ihnen,
658 3082 736 3139 rant,
768 3079 816 3141 qui
841 3079 908 3126 irtus
934 3092 951 3126 a
980 3075 1097 3128 Catilina
1124 3093 1170 3126 ex-

95 3141 155 3193 dass
178 3143 215 3194 sie
234 3156 265 3192 an
287 3142 340 3195 ihm
362 3145 510 3197 ebeusowol
532 3147 606 3197 einen
657 3149 794 3210 spectarem
822 3159 879 3194 meo
907 3144 1034 3206 beneficio
1061 3146 1170 3196 tabulae

92 3207 170 3259 Manu
188 3209 233 3261 des
243 3210 323 3263 Raths
341 3213 379 3264 als
388 3212 434 3264 der
443 3213 510 3265 Thai
523 3213 606 3265 haben
658 3227 743 3262 novae
759 3211 942 3277 proferentur,
961 3228 1052 3263 verum
1066 3217 1168 3264 eueno-

95 3275 208 3340 werden,
225 3277 278 3343 131.
297 3281 338 3342 60,
355 3283 380 3344 4,
397 3281 453 3348 lug.
471 3285 513 3345 85,
531 3285 573 3334 47.
658 3283 764 3330 nanae,

133 3347 170 3396 ll.
189 3345 269 3395 liaeo:
295 3345 336 3397 die
353 3346 435 3414 Dinge
453 3365 547 3401 wovon
564 3350 606 3401 ich
692 3347 762 3408 fert:
787 3347 841 3413 lug.
861 3349 903 3411 18,
921 3349 936 3399 2
959 3350 1001 3397 uti
1022 3347 1080 3408 fors
1099 3347 1168 3397 tulit.

93 3410 269 3478 gesprochen,
302 3416 376 3480 ipra:
408 3416 488 3469 ihrem
519 3417 606 3469 vollen
658 3415 693 3467 So
712 3415 776 3466 auch
794 3415 840 3465 mit
849 3430 914 3479 mos,
932 3421 1041 3480 natura,
1061 3431 1168 3466 conrue-

95 3480 190 3532 Wesen
208 3479 281 3532 nach.
658 3483 723 3534 tudo
742 3498 767 3533 u.
785 3497 808 3534 a.
827 3483 983 3534 verbunden.
1267 3481 1269 3487 '

130 3548 236 3599 consul:
254 3563 275 3600 s.
293 3563 326 3599 zu
346 3552 386 3614 lti,
405 3553 419 3602 5
438 3566 463 3601 u.
487 3552 524 3611 18,
543 3552 568 3601 3.
692 3553 716 3603 3.
735 3549 861 3601 Sittium:
880 3565 925 3602 aus
937 3549 1042 3602 Nuceria
1060 3549 1086 3599 in
1098 3549 1170 3600 Gam-

129 3618 184 3666 nisi
204 3616 276 3678 forto
295 3655 302 3668 .
322 3655 328 3668 .
348 3654 355 3668 .
378 3621 453 3668 estis:
480 3616 532 3682 vgl.
550 3616 606 3684 lug.
658 3619 759 3685 panion.
793 3617 826 3668 Er
842 3632 896 3668 war
913 3617 1009 3668 damals
1028 3617 1066 3668 als
1075 3616 1170 3668 l'dhrer

95 3687 138 3746 31,
156 3686 202 3744 211;
222 3698 313 3750 wegen
332 3690 359 3736 et
374 3701 408 3736 zu
427 3688 467 3748 19,
487 3687 511 3736 2.
658 3684 934 3737 einesSoldnerheeres
951 3684 1168 3750 inllauretanien,

130 3748 174 3804 21.
195 3755 217 3804 1.
237 3752 374 3805 condicio:
393 3753 438 3805 der
455 3751 606 3818 allgemeine
658 3752 711 3803 und
728 3767 788 3819 mag
804 3751 904 3804 sowohl
914 3752 972 3804 doit
986 3753 1023 3804 als
1034 3753 1099 3805 auch
1110 3768 1169 3804 vor-

95 3817 198 3886 Begrill,
216 3818 296 3872 durch
309 3820 350 3874 die
368 3821 506 3890 folgenden
515 3819 606 3872 beiden
658 3820 704 3872 her
727 3821 753 3891 in
775 3820 901 3886 Spanien‚
926 3821 1013 3872 wollin
1035 3836 1062 3873 er
1084 3826 1170 3874 zoerst
