2602 4358
415 172 456 225 DE
474 172 558 226 CONl.
575 172 678 226 CA'l'lL,
714 172 740 226 C.
760 175 801 226 36.
820 176 861 227 37.
989 217 994 228 .
1133 171 1175 231 55

105 347 162 408 bus
178 345 271 408 senati
287 345 412 407 decretis
427 365 463 406 ex
477 352 558 407 tanta
572 344 761 408 multitudine
777 364 874 426 neque
889 345 1019 425 praemio
1035 345 1176 408 inductus

106 431 341 494 coniurationem
363 432 540 510 patefecerat
561 449 659 510 neque
681 449 716 491 ex
738 430 842 492 castris
858 429 998 492 Catilinae
1019 430 1176 510 quisquam

105 516 237 578 omnium
258 516 446 577 discesserat:
469 524 548 578 tanta
569 517 620 577 vis
633 515 729 577 morbi
749 534 783 576 ac
800 515 889 604 veluti
910 515 991 576 tabes
1016 516 1175 594 plerosque
1201 538 1204 552 ¹

105 602 210 663 civium
233 602 347 663 animos
368 593 522 662 iniaserat.
557 601 659 680 Neque
680 601 776 661 solum
802 597 861 661 illis
881 599 975 661 aliena
996 618 1081 662 mens
1102 611 1172 676 erat,
1191 605 1227 664 37

104 687 155 767 qui
171 687 284 748 conscii
299 686 512 747 coniurationis
527 686 660 766 fuerant,
677 686 728 746 sed
744 684 865 745 omnino
881 691 987 746 cuncta
1002 685 1103 764 plebes
1118 705 1174 747 no-

103 791 205 833 varum
226 789 326 832 rerum
347 771 444 831 studio
461 770 602 832 Catilinae
623 770 741 848 incepta
762 769 913 850 probabat.
943 770 975 830 ld
998 771 1069 831 adeo
1091 788 1174 831 more
1188 781 1215 833 a*

102 876 158 917 suo
173 855 326 916 videbatur
340 856 445 916 facere.
475 855 548 916 Nam
564 874 682 934 semper
696 855 727 915 in
744 855 858 917 civitate
870 854 978 934 quibus
991 873 1063 934 opes
1075 855 1174 917 nullae
1188 868 1203 919 3

103 950 175 1002 sunt
188 941 275 1002 bonis
286 940 425 1013 inrident,
441 941 534 1001 malos
545 941 698 1016 extollunt,
713 948 809 1000 vetera
824 940 923 1015 odere,
936 957 1010 1000 nova
1023 947 1172 1018 exoptant,

102 1027 171 1086 odio
186 1044 306 1086 suarum
321 1044 421 1087 rerum
436 1025 543 1088 mutari
559 1025 657 1087 omnia
671 1025 804 1086 student:
821 1025 907 1086 turba
918 1032 1006 1104 atque
1020 1024 1173 1086 seditioni·
1198 1048 1201 1059 ¹
1218 1040 1223 1079 ε

101 1111 158 1172 bus
170 1110 235 1171 sine
248 1129 318 1172 cura
327 1111 456 1186 aluntur,
470 1111 612 1190 quoniam
624 1119 737 1189 egestas
748 1111 832 1171 iacile
843 1110 969 1171 babetur
979 1109 1044 1171 sine
1055 1110 1173 1171 damno.

102 1196 161 1256 Sed
186 1195 299 1256 urbana
324 1196 442 1275 plebes,
469 1214 502 1258 ea
527 1214 596 1256 vero
622 1213 765 1275 praeceps
791 1203 854 1256 erat
879 1195 915 1255 de
942 1194 1040 1257 multis
1066 1195 1204 1258 causis.4

101 1279 234 1341 Primum
250 1281 398 1356 omnium,
421 1281 473 1359 qui
494 1280 605 1360 ubique
625 1279 737 1359 probro
759 1288 847 1359 atque
862 1279 1024 1359 petulantia
1038 1293 1203 1343 manumet

62 1419 63 1423 ,
103 1365 300 1444 praestabant,
316 1365 384 1426 item
400 1365 447 1426 alii
462 1384 517 1444 per
531 1365 675 1426 dedecora
686 1364 871 1444 patrimoniis
883 1365 1008 1439 amissis,
1022 1372 1173 1444 postremo
1196 1420 1198 1423 ,

102 1469 223 1525 omnes,
246 1469 321 1529 quos
341 1450 483 1528 flagitium
504 1458 555 1510 aut
574 1451 689 1510 lacinus
710 1451 797 1509 domo
820 1449 986 1528 expulerat,
1009 1451 1036 1511 ei
1051 1450 1174 1510 Romam

101 1535 179 1596 siout
193 1535 224 1595 in
240 1535 385 1596 sentinam
402 1535 614 1595 conduxerant.
645 1534 758 1595 Deinde
773 1533 858 1594 multi
873 1552 1019 1594 memores
1035 1535 1173 1595 Sullanae
1186 1546 1202 1598 6

100 1619 254 1692 victoriae,
278 1619 357 1698 quod
378 1635 412 1679 ex
434 1619 575 1697 gregariis
597 1619 739 1680 militibus
760 1618 833 1679 alios
854 1625 1005 1680 senatores
1027 1618 1172 1692 videbant,

98 1703 172 1766 alios
188 1705 227 1765 ita
243 1704 364 1781 divites,
387 1712 419 1764 ut
434 1705 516 1783 regio
532 1704 610 1765 victu
625 1715 714 1784 atque
729 1703 811 1764 cultu
826 1710 949 1766 aetatem
964 1711 1100 1782 agerent,
1116 1701 1172 1766 sibi

98 1789 244 1868 quisque,
267 1789 292 1850 si
308 1789 443 1850 inarmis
459 1791 550 1865 ieret,
574 1807 609 1850 ex
623 1789 743 1850 victoria
760 1789 828 1850 talia
843 1789 988 1868 sperabat.
1018 1787 1201 1854 Praetereat

54 1884 55 1887 ’
100 1874 251 1949 iuventus,
275 1893 349 1954 quae
371 1875 401 1936 in
424 1874 502 1954 agris
523 1891 665 1935 manuum
686 1875 822 1935 mercede
843 1874 972 1954 inopiam
988 1873 1171 1950 toleraverat,

99 1959 318 2039 privatisatque
329 1959 456 2040 publicis
468 1958 674 2040 largitionibus
687 1958 778 2020 exeita
790 1958 938 2021 urbanum
950 1958 1042 2020 otium
1054 1959 1170 2037 ingrato

98 2074 609 2208 ull²⁶lt⁶2tttlll.⁸ll⁰⁰ll¹¹a‘¹⁰l
660 2075 976 2208 eluditl‘tdl
993 2075 1171 2195 lll‘lllt‘

132 2208 175 2266 bt.
202 2212 226 2262 1.
246 2211 335 2261 aliena
352 2159 439 2261 mind
457 2211 518 2264 Sall.
531 2183 610 2263 bldibt
660 2210 736 2263 dern:
755 2161 1072 2278 ordonnvomngestellt)
1084 2212 1171 2278 plebea

97 2277 153 2328 bier
169 2278 235 2329 noch
253 2278 364 2330 beidem
374 2278 609 2332 Bildederllrauk·
660 2279 734 2339 libem
753 2280 805 2346 vgl.
824 2295 855 2331 zu
876 2283 899 2344 1,
916 2283 938 2331 5.
1164 2320 1165 2324 ,

97 2344 164 2404 heit3
189 2345 253 2396 diter
277 2361 306 2397 so
331 2346 376 2399 das
395 2346 469 2398 Verb.
489 2349 609 2398 alienare
695 2363 822 2413 praecepa
831 2354 904 2399 erat:
915 2347 979 2399 sasst
987 2347 1027 2398 die
1037 2348 1170 2400 einzelnen

97 2411 123 2462 in
148 2412 192 2463 der
215 2413 286 2465 irati.
305 2412 429 2479 Sprache:
452 2430 524 2466 mans
543 2416 609 2466 olia—
660 2415 730 2481 Zaige
756 2415 801 2467 des
827 2432 882 2469 vor.
908 2415 1012 2480 Paragr.
1038 2416 1065 2466 in
1095 2417 1170 2467 einen

99 2485 191 2544 natur,
203 2480 297 2531 dbertr.
307 2481 352 2532 aul
362 2482 471 2548 geistige
480 2482 608 2535 Zustinde
659 2482 794 2535 Ausdruok
803 2499 948 2535 zusammen
958 2482 1010 2534 und
1022 2483 1171 2536 bezeichnet

97 2547 151 2600 Liv.
164 2551 203 2612 10,
214 2549 256 2613 29,
267 2551 282 2600 2
300 2549 372 2599 velut
386 2550 504 2600 alienata
514 2556 607 2615 mente,
659 2565 689 2601 so
706 2551 852 2603 umfa'ssend
862 2552 910 2603 den
920 2550 1024 2602 blinden
1033 2551 1087 2602 sich
1097 2552 1170 2602 iiber-

96 2615 158 2681 und,
176 2615 243 2668 ohne
261 2617 341 2681 velut,
360 2619 493 2682 e,18‚12:
512 2618 608 2683 (dieta-
659 2617 811 2670 stirraenden
829 2619 897 2670 Eiler
916 2619 957 2670 ldr
974 2617 1062 2669 solche
1082 2618 1170 2670 Unter—

98 2685 192 2749 toreio)
211 2684 343 2735 alienatae
361 2685 497 2736 discordia
510 2691 608 2736 mentae
660 2685 836 2753 nebmuugen,
860 2686 911 2738 wie
932 2686 973 2737 die
990 2684 1036 2736 des
1054 2684 1169 2738 Catilina.

96 2753 234 2803 dominum
258 2769 287 2802 oo
311 2754 419 2818 piaculo
439 2758 609 2820 competes
659 2753 696 2804 Zu
718 2769 846 2819 praecepa
873 2753 926 2820 vgl.
951 2753 1004 2819 lug.
1030 2755 1054 2818 6,
1077 2757 1101 2807 3.
1136 2754 1169 2807 Es

96 2823 153 2870 eui
167 2819 271 2881 secisse.
659 2821 746 2886 tolgan
777 2821 845 2872 dana
877 2821 918 2874 die
951 2820 1052 2874 Grdnde
1085 2821 1168 2875 dieses

130 2886 257 2948 fremant.-
275 2887 382 2940 namuel
401 2887 480 2941 achon
494 2888 609 2942 vordem
659 2889 753 2954 Eiters,
775 2889 816 2941 die
840 2888 989 2942 moraliscbe
1007 2890 1169 2943 Versunken·

97 2955 267 3022 allgemeinen
302 2955 523 3009 Belianutwerden
564 2957 609 3008 der
658 2957 726 3020 hell,
749 2957 793 3008 der
810 2957 883 3009 Celd-
905 2956 959 3011 uud
980 2957 1100 3024 Elimeia,
1124 2958 1169 3011 der

96 3023 302 3090 Verscbwtirung
320 3024 400 3076 durch
418 3024 459 3077 die
471 3025 607 3078 Senatabe·
659 3025 813 3092 Parteihass‚
831 3026 886 3078 also
903 3026 1046 3094 iiberhuupt
1058 3025 1103 3078 der
1111 3042 1168 3079 ver·
1271 3064 1273 3071 ι

94 3091 225 3152 scbliisse;
248 3091 326 3143 daber
344 3092 388 3145 das
407 3093 571 3160 Plusquamp.
657 3092 746 3146 derbte
772 3093 898 3159 Zustand,
926 3095 952 3146 iu
979 3093 1094 3147 welcben
1122 3094 1167 3148 dna

131 3161 154 3209 2.
182 3159 265 3210 adeo:
287 3161 321 3212 ist
343 3160 397 3212 hier
415 3161 464 3214 wie
482 3161 547 3213 diter
565 3160 605 3212 bei
656 3163 719 3212 raim.
736 3161 803 3214 Volir
820 3162 940 3229 geratben
960 3177 1021 3216 war.

96 3225 171 3286 San,
199 3227 263 3277 aucb
287 3227 327 3278 bei
352 3228 446 3280 andern
470 3229 605 3294 Schriitst,
690 3233 715 3282 6.
725 3229 954 3296 senatoroarlipit.
966 3230 1019 3283 Liv.
1030 3231 1167 3297 suttona)

95 3293 182 3345 blosse
191 3293 237 3344 das
246 3294 453 3361 vorhergebende
461 3297 538 3350 Pron.
549 3297 605 3348 ber·
654 3304 777 3348 senatum
800 3315 835 3349 ee
859 3301 976 3364 equesen·
993 3299 1089 3350 ordine
1105 3315 1167 3364 aup-

94 3360 258 3413 vorbebende
277 3362 405 3414 Enclitica.
652 3365 744 3431 plauit.
772 3365 889 3418 Dadureb
905 3365 964 3417 kam
983 3366 1102 3419 maneber
1120 3382 1168 3418 nur

131 3433 155 3483 3.
173 3435 293 3494 egestas:
320 3430 378 3483 Seu.
397 3445 438 3498 ep.
459 3434 497 3497 17,
516 3435 531 3485 5
549 3448 603 3483 uon
655 3433 801 3486 als'Soldat
819 3434 945 3500 'ldebtige
968 3433 1067 3484 hinein:
1094 3433 1167 3486 Dion.

95 3504 133 3548 est
151 3498 223 3563 quod
238 3504 385 3565 paupertas
402 3502 443 3563 (zu
465 3501 503 3563 12,
515 3503 539 3564 t)
558 3516 607 3552 noa
656 3500 712 3554 llnl.
731 3506 755 3563 5,
774 3506 806 3554 77
827 3497 929 3584 flovlp'v
946 3517 974 3552 τε
991 3498 1045 3568 γὰρ
1065 3497 1093 3552 ἐκ
1111 3501 1168 3552 τῶν

96 3581 113 3616 a
129 3566 299 3633 philosophia
318 3573 435 3631 reuocet,
453 3583 486 3618 no
504 3574 607 3632 egestae
657 3565 843 3637 ἐπιτυχόντων
889 3563 1049 3636 ανθρώπων
1093 3568 1168 3622 συνέ-

96 3633 210 3699 quidem.
657 3650 748 3699 στησε.

129 3703 187 3750 aine
218 3702 329 3754 manno:
364 3701 542 3770 epexegetiscb
575 3718 606 3753 zu
692 3707 716 3756 t.
749 3702 823 3770 publ.
852 3704 1056 3767 largitionibus:
1089 3703 1166 3758 dabin

94 3768 191 3832 suctim·
222 3785 280 3821 zum
303 3769 441 3822 Cedankcn
466 3770 519 3837 vgl.
552 3770 606 3837 lug.
658 3771 825 3838 gobertus.
843 3770 884 3822 die
903 3770 1028 3821 aedilicia
1046 3772 1165 3840 largitio,

93 3838 136 3898 86,
155 3839 179 3889 3.
657 3838 768 3891 dievom
775 3838 1166 3909 Aedilveranstaltetenapuiae,
