2580 4358
133 161 173 227 24
424 204 427 209 -
471 171 474 177 ’
499 166 819 222 e.snnuusuun1sr1

101 348 239 404 teuneta
259 359 358 421 neque
381 341 445 422 ipse
464 340 599 403 hebetur.
636 339 702 412 Quo
723 340 816 420 magis
837 340 964 420 pravitas
986 358 1089 402 eurum
1112 341 1212 404 admi-.

130 428 221 489 reuda
243 434 302 502 est,
329 426 380 506 qui
401 427 489 488 dediti
516 425 651 506 eorporis
673 424 785 505 gaudiis
807 443 862 505 per
883 425 985 488 luxum
1008 433 1035 488 et
1057 425 1203 504 ignaviam

131 519 253 574 aetatem
268 520 370 589 agunt,
386 519 518 573 ceterum
533 511 696 590 ingenium,
716 529 776 589 quo
792 529 890 590 neque
905 511 1011 573 melius
1026 529 1126 590 neque
1141 531 1203 574 am·

130 597 209 677 plius
223 596 302 658 aliud
317 597 347 657 in
363 605 467 658 natura
482 596 649 658 mortalium
666 603 727 670 est,
751 595 866 657 incultu
882 606 970 676 atque
988 597 1124 659 sueurdia
1139 605 1202 659 tur-

129 698 252 762 peseere
266 682 386 758 sinunt,
408 697 478 743 eum
492 681 665 762 praesertim
680 688 739 741 tam
754 680 863 742 multae
878 681 1032 762 variaeque
1047 683 1108 745 sint
1122 692 1201 745 artes

67 756 76 778 '
130 766 229 841 enimi,
245 766 354 844 quibus
369 784 483 828 summa
498 766 640 828 elaritudo
655 773 786 846 paratur.

95 854 115 912 8
215 851 324 912 Verum
340 868 373 913 ex
390 853 433 913 eis
447 853 636 932 magistratus
652 859 681 912 et
696 850 827 931 imperia,
851 860 1001 930 pestremo
1018 853 1114 914 omnis
1129 869 1201 914 eura

129 955 229 998 rerum
244 936 430 1017 publicarum
444 937 577 999 minume
591 936 663 998 mihi
678 935 734 997 hae
747 944 921 1014 tempestate
935 937 1086 1018 cupiunda
1100 938 1202 999 viden-

129 1029 195 1097 tur,
209 1022 350 1100 quoniam
365 1040 464 1102 neque
478 1023 579 1084 virtuti
594 1023 689 1082 honos
705 1021 805 1095 datur,
829 1040 927 1101 neque
942 1023 1000 1097 iili,
1023 1022 1133 1102 quibus
1148 1040 1203 1102 per

99 1108 262 1169 tiraudem
284 1107 355 1184 tuit,
378 1107 434 1168 tuti
455 1115 506 1169 aut
528 1125 563 1168 eo
590 1106 682 1186 magis
698 1105 816 1167 honesti
830 1116 911 1168 sunt.
943 1106 1060 1168 Namvi
1081 1106 1201 1186 quidem

129 1210 233 1270 regere
247 1192 436 1270 patriam-aut
451 1191 598 1272 parentis,
620 1209 799 1271 quamquam
815 1199 843 1252 et
857 1191 955 1271 possis
970 1200 1000 1254 et
1015 1192 1120 1254 deiieta
1134 1210 1202 1254 eor-

128 1276 217 1355 rigas',
232 1284 330 1338 tamen
346 1277 543 1357 inportunum
558 1285 612 1354 est,
628 1295 696 1339 eum
711 1276 885 1356 praesertim
901 1295 1005 1339 omnes
1020 1295 1120 1340 rerum
1134 1295 1202 1338 mu·

162 1392 639 1460 4.eoragaudiie:Gegeneutzuuten
690 1391 763 1458 chen,
780 1391 812 1443 de
831 1391 872 1444 die
884 1391 990 1446 Gesetze
1008 1393 1091 1446 niehte
1123 1393 1202 1460 elten,

129 1464 197 1512 artis
206 1463 304 1522 animm
321 1462 426 1528 gaudia
441 1461 498 1514 sind
508 1460 573 1513 euch
585 1461 639 1513 hier
690 1459 819 1512 odermau
829 1460 921 1513 riehtet
930 1461 1013 1514 niehts
1024 1475 1070 1515 eus
1083 1465 1092 1524 (
1107 1466 1200 1513 metra

129 1530 193 1596 (egl.
216 1545 248 1581 zu
271 1529 325 1582 Get.
350 1533 391 1592 61,
410 1532 435 1591 9)
461 1530 638 1596 Hendlungem
690 1529 774 1593 πίας
794 1530 832 1591 3);
859 1529 905 1581 das
929 1535 997 1582 erste
1017 1531 1051 1583 ist
1068 1530 1150 1583 selbet
1166 1529 1202 1582 im

128 1600 324 1665 Aeueserungen
339 1597 384 1650 der
397 1598 503 1663 Frende,
519 1599 579 1650 eber
594 1597 639 1649 der
688 1596 778 1648 hesten
803 1595 871 1647 Felle
898 1597 1049 1650 bedenklich
1078 1597 1131 1650 und
1157 1613 1201 1664 ge-

127 1664 482 1734 FreudeemSinnengeuuss‚
501 1664 638 1719 wobeider
683 1663 810 1727 ¹setrriieh,
837 1663 883 1716 dus
900 1666 992 1718 zweite
1009 1665 1078 1719 kenu
1096 1681 1145 1718 nur
1160 1665 1202 1717 ein

128 1733 331 1800 Geistunthdtig,
340 1734 472 1786 oderdoeh
481 1735 552 1786 nieht
560 1734 586 1786 in
593 1733 639 1786 der
690 1746 755 1798 genu
772 1731 926 1799 Unsinniger
944 1733 1048 1786 wellen.

127 1803 211 1854 seiuer
227 1801 359 1868 wurdigeu
378 1802 463 1854 Weise
478 1802 561 1870 thetig
578 1802 620 1854 iet.
720 1803 857 1866 parentet.-
879 1801 930 1854 wie
949 1802 1001 1855 Get.
1019 1805 1061 1866 52,
1080 1805 1103 1856 3.
1138 1801 1203 1853 Zum

164 1875 298 1920 accerume
314 1885 346 1920 zu
365 1871 418 1921 Get.
436 1874 478 1936 51,
496 1873 538 1924 26.
688 1866 827 1920 Gedaniren
853 1869 906 1935 vgl.
935 1869 999 1920 Plat.
1025 1871 1083 1922 Grit.
1108 1873 1139 1924 5¹
1165 1869 1197 1920 G:

161 1935 190 1992 8.
224 1940 245 1989 1.
273 1940 393 2002 magneta.
413 1943 439 1987 et
460 1940 575 2004 imperia
593 1938 636 1990 be·
686 1937 830 2004 πανταχοῦ
863 1936 991 1999 ποιητέον
1021 1931 1093 1988 ἃᾶν
1109 1936 1198 2006 κελεύῃ

128 2005 289 2058 zeichneuso
302 2005 383 2056 ueben
399 2005 520 2058 einander
535 2005 638 2074 gestellt
689 1998 704 2065 ἢ
723 2002 800 2059 πόλις
816 2002 862 2055 καὶ
884 2001 899 2066 ἧ
917 2004 1029 2074 πατρίς,
1054 2000 1070 2067 ἢ
1094 2004 1203 2058 πείθειν

128 2073 212 2138 „holm
230 2073 396 2126 Staatsdmter
416 2074 443 2126 in
461 2073 567 2126 Frieden
585 2073 637 2125 und
689 2057 803 2159 αὖτὴνῇ
811 2070 842 2122 τὸ
856 2070 963 2124 δίκαιον
971 2073 1084 2142 πέφυκε·
1096 2068 1202 2139 βιάζεσ-

127 2142 228 2208 Kn'eg“.
268 2141 346 2193 Beide
371 2141 473 2194 werden
501 2142 539 2194 als
566 2148 637 2193 artae
689 2138 785 2190 edred
806 2134 1201 2222 edxduaevodaeuqtdnqedre

127 2212 169 2273 (zu
188 2211 241 2261 Get·
259 2212 284 2273 2,
296 2211 323 2272 4)
341 2212 434 2273 animi,
453 2209 637 2276 geistige'I'hd-
687 2206 802 2274 πατέρα,
820 2205 889 2258 πολὺ
904 2207 934 2261 dd
947 2206 1054 2260 τούτων
1067 2207 1108 2262 ἔτι
1118 2226 1202 2273 natur

127 2276 260 2344 tigkeiten‚
277 2276 429 2344 autgefass'e
446 2278 498 2344 vgl.
515 2277 568 2329 Get.
586 2280 635 2343 2,9
689 2273 739 2338 τὴν
756 2273 885 2345 πατρίδα.

17 2369 19 2373 >
128 2348 195 2396 artis
208 2347 299 2396 bonae.
722 2359 901 2411 quamquam:
919 2361 966 2397 nur
980 2345 1034 2397 hier
1051 2345 1077 2398 in
1092 2345 1201 2399 directe!

161 2413 212 2464 dae
229 2418 391 2479 tempestate:
416 2412 499 2465 Ueber
517 2412 558 2466 die
572 2413 636 2477 Zeit,
688 2410 757 2464 Rede
784 2427 831 2464 ver
855 2413 938 2466 einenr
963 2413 1130 2479 conjunctu,
1156 2414 1202 2467 der

125 2482 151 2533 in
170 2480 281 2533 weleher
295 2481 354 2534 Sall.
370 2481 425 2534 dies
441 2480 549 2546 sehrieb,
572 2497 594 2535 s.
612 2482 637 2534 d.
688 2480 808 2549 subrigens
830 2481 856 2534 in
881 2481 978 2534 diesem
1004 2480 1142 2534 Gedenken
1166 2497 1200 2535 an

125 2550 191 2602 dini,
210 2549 235 2601 S.
254 2553 279 2602 4.
688 2548 742 2600 sich
760 2549 842 2602 selbst
859 2549 1027 2618 nothwendig
1043 2550 1085 2603 ist.

160 2620 259 2670 denos.-
277 2617 454 2682 „Ehrenemt“;
471 2617 525 2670 Liv.
543 2620 585 2682 42,
605 2620 637 2671 22
724 2617 837 2668 delicta:
855 2617 965 2670 ndmlieh
986 2618 1110 2670 alierum.
1145 2617 1201 2671 Deu

126 2703 178 2753 que
197 2687 240 2737 die
257 2693 322 2737 neni
343 2690 519 2751 magistratus
539 2689 639 2738 inituri
688 2683 750 2736 Siun
774 2701 825 2736 ven
848 2689 986 2751 eura-igere
1009 2685 1117 2739 erkennt
1139 2699 1200 2739 mun

126 2761 205 2805 erant
221 2755 355 2806 honorem.
392 2754 550 2822 Vergleiche‚
571 2755 637 2806 auch
688 2766 734 2806 eus
753 2753 941 2822 VergIeiehung
963 2769 1015 2806 ven
1033 2753 1086 2808 Get.
1105 2755 1147 2820 52,
1164 2756 1201 2808 35

126 2822 171 2874 des
195 2821 346 2874 Gedenkens
364 2837 468 2890 wegen,
491 2821 545 2874 Get.
563 2824 635 2887 35,3
686 2820 739 2872 und
762 2821 816 2888 lug.
836 2824 876 2884 94,
895 2825 919 2874 7.
958 2821 992 2874 Es
1014 2822 1050 2874 ist
1070 2837 1122 2874 ven
1149 2821 1200 2875 deu

125 2905 166 2941 em
184 2887 262 2941 Ende.
548 2948 555 2958 ·
688 2887 745 2939 dem
762 2887 849 2941 Staete
867 2889 1007 2942 heilsemen
1020 2889 1119 2942 Theten
1137 2889 1201 2956 (wie

160 2959 185 3010 2.
203 2973 252 3023 per
265 2957 405 3018 fraudem:
425 2957 477 3024 vgi.
495 2961 521 3022 4,
532 2961 555 3010 7:
575 2957 635 3018 fur·
687 2957 725 3009 sie
742 2955 797 3010 Get.
815 2961 857 3020 51,
868 2961 901 3010 27
920 2957 998 3009 durch
1017 2960 1093 3010 honis
1111 2973 1200 3010 αααπ-

125 3028 173 3076 te'm
192 3029 218 3074 et
232 3041 282 3091 per
300 3024 453 3075 latrocinia.
683 3024 739 3090 plis
756 3024 905 3078 bezeichnet
923 3025 1036 3092 werden)
1058 3025 1100 3079 die
1118 3024 1198 3092 Rede,

158 3093 228 3154 fuit:
246 3107 300 3159 erg.
318 3092 356 3144 als
374 3091 445 3157 Subj.
464 3095 555 3143 henos.
686 3091 785 3145 welche
808 3107 868 3145 men
891 3093 956 3146 auch
980 3094 1014 3145 im
1032 3092 1199 3161 Geweltregi·

159 3176 188 3211 eo
215 3164 303 3226 magis
329 3162 446 3212 donasti:
478 3161 512 3212 Es
538 3159 635 3213 kuunte
686 3164 756 3212 ment
765 3160 901 3214 eustdhren
911 3162 988 3227 kann,
1005 3161 1057 3213 und
1074 3161 1199 3215 wodmeh

120 3228 226 3295 jemand
244 3234 387 3296 entgeguen
406 3229 461 3293 „sie
475 3227 540 3290 siud,
559 3244 635 3280 wenn
686 3243 752 3293 men,
771 3243 845 3280 wenu
863 3230 901 3282 sie
919 3230 984 3282 eben
1008 3230 1074 3282 ohne
1091 3229 1199 3297 gevatt-

124 3297 190 3350 eueh
202 3297 272 3349 nieht
289 3296 463 3364 ungefahrdet,
481 3296 547 3349 doeh
561 3296 634 3349 datin
685 3309 755 3348 seme
764 3296 847 3349 Mitte!
860 3297 912 3350 und
928 3297 995 3351 ohne
1003 3313 1095 3349 rerum
1108 3303 1197 3350 muta·

124 3365 447 3419 destoreieherenEhre“.
471 3364 533 3418 Dem
543 3365 634 3418 wider·
686 3368 771 3415 tieem
798 3365 943 3432 geschehen
969 3365 1098 3432 kdnnten,
1123 3370 1198 3420 sonet

124 3434 222 3503 eprieht
238 3432 342 3487 Sallust.
684 3432 754 3485 wohl
776 3432 841 3487 Ehre
866 3434 997 3488 erwerben
1021 3434 1118 3488 wurde.
1161 3433 1198 3487 So

157 3504 182 3555 2.
200 3519 263 3554 παπ
281 3507 308 3552 αι·
325 3502 431 3568 quidem
449 3504 510 3554 ete:
546 3501 633 3553 Eride·
683 3501 753 3554 steht
778 3506 864 3567 poesis
889 3503 961 3556 mehr
985 3501 1012 3553 in
1040 3500 1128 3569 Benug
1154 3501 1201 3554 eui

123 3571 200 3623 rende
209 3570 374 3637 Auefdhrung
388 3569 433 3622 des
445 3568 632 3637 vorhergehen-
684 3573 744 3636 tuti,
762 3568 807 3622 des
826 3571 929 3637 zweite,
948 3570 1046 3622 delicta
1064 3573 1199 3636 corrigar,

123 3638 342 3691 deuGedankene.
363 3638 444 3704 Denn,
460 3642 519 3705 segt
528 3637 632 3702 Sallust,
683 3637 728 3690 aut
744 3639 855 3692 honesti.

123 3706 164 3757 bei
188 3705 233 3758 der
256 3707 377 3774 Fdhrung
403 3706 448 3759 dee
472 3705 560 3758 entes
588 3706 633 3761 het
717 3709 918 3772 importunum:
945 3706 1019 3771 „eine
1042 3703 1137 3769 Saulis,
1162 3719 1194 3757 en

122 3787 181 3825 men
195 3774 263 3837 jetzt
281 3791 328 3826 nur
344 3773 631 3842 zweiMdgliehlreiten:
684 3774 728 3826 der
754 3789 812 3826 men
839 3774 917 3827 leieht
943 3772 1069 3826 seheitern
1100 3773 1197 3838 kenn“,

122 3841 252 3894 entweder
275 3858 345 3896 muse
363 3857 422 3894 men
439 3843 539 3896 Geweit
559 3844 632 3895 breu-
683 3841 761 3894 daher
783 3841 922 3908 ,‚miesiieh,
946 3840 1116 3894 bedeuklieh“
1142 3840 1196 3893 und
