2602 4358
160 165 222 227 124
526 168 553 220 G.
571 166 724 222 SALLUSTl
742 167 843 221 GRlSPl

159 341 310 423 sperabat;
333 343 363 403 in
380 342 447 419 quis
462 341 518 403 luit
532 341 679 417 Scaurus,
702 341 788 403 cuius
804 340 840 402 de
855 348 960 402 natura
976 350 1007 403 et
1021 340 1122 402 babitu
1137 358 1232 421 supra

130 427 393 489 memoravimus.
425 425 498 489 Nam
513 426 544 488 in
560 426 683 488 consule
698 436 800 489 nostro
816 426 924 487 multae
939 425 1093 506 bonaeque
1108 433 1187 488 artes
1201 434 1235 489 et

159 513 249 575 animi
266 523 296 575 et
313 512 448 592 corporis
463 521 564 587 erant,
586 530 659 592 quas
680 512 777 573 omnis
798 511 915 573 avaritia
930 511 1154 591 praepediebat:
1177 529 1233 591 pa-

160 598 237 660 tiens
252 597 401 672 laborum,
417 597 477 658 acri
493 597 632 676 ingenio,
647 598 718 658 satis
733 597 902 677 providens,
918 596 988 658 belli
1003 596 1080 659 baud
1095 597 1233 675 ignarus,

129 691 145 741 6
159 683 345 744 firmissimus
360 690 463 744 contra
478 681 610 762 pericula
625 690 655 744 et
669 681 799 743 insidias.
828 681 886 743 Sed
901 681 1034 760 legiones
1049 700 1104 762 per
1117 680 1233 743 ltaliam

161 767 285 846 Regium
298 776 386 848 atque
401 767 470 829 inde
482 767 621 842 Siciliam,
637 785 727 847 porro
740 786 776 828 ex
787 766 886 829 Sicilia
897 767 928 828 in
941 766 1067 828 Africam
1080 775 1234 829 bansico-

130 864 144 912 τ
160 862 216 915 tae.
245 853 338 932 Igitur
353 852 530 933 Calpurnius
551 852 635 914 initio
651 853 760 932 paratis
775 850 985 913 commeatibus
1007 851 1114 914 acriter
1127 851 1236 915 Numi·

162 937 237 999 dam
253 938 406 1015 ingressus
418 947 463 999 est
477 938 646 1016 multosque
661 937 794 998 mortalis
805 947 834 999 et
848 936 931 998 urbis
942 936 1055 1017 aliquot
1069 937 1233 1017 pugnando

101 1007 147 1082 ’29
163 1022 250 1103 cepit.
281 1024 338 1085 Sed
354 1023 405 1085 nbi
420 1023 561 1102 Iugurtha
576 1041 631 1102 per
653 1023 764 1101 legatos
780 1021 905 1102 pecunia
928 1031 1072 1103 temptare
1094 1021 1237 1103 bellique,

162 1108 242 1187 quod
257 1108 491 1181 administrabat,
513 1108 698 1187 asperitatem
715 1107 870 1169 ostendere
885 1108 999 1187 coepit,
1014 1107 1131 1170 animus
1146 1127 1237 1188 aeger

125 1203 146 1253 't
161 1193 278 1254 avaritia
294 1194 377 1255 facile
392 1209 554 1254 convorsus
570 1201 624 1254 est.
654 1190 789 1254 Ceterum
811 1193 910 1254 socius
932 1200 962 1253 et
981 1191 1155 1254 administer
1169 1211 1236 1255 om·

163 1277 245 1339 nium
267 1278 459 1339 consiliorum
482 1278 646 1340 adsumitur
660 1277 789 1339 Scaurus
796 1296 805 1353 ;
827 1277 878 1356 qui
900 1279 1015 1339 tametsi
1036 1297 1052 1338 a
1073 1278 1236 1359 principio,

162 1361 314 1442 plerisque
329 1383 365 1424 ex
387 1363 514 1425 factione
536 1362 600 1424 eius
616 1363 781 1443 corruptis,
802 1381 955 1424 acerrume
970 1381 1069 1441 regem
1085 1363 1236 1444 inpugna·

163 1457 252 1522 verat,
268 1457 365 1509 tamen
377 1448 579 1527 magnitudine
591 1448 762 1528 pecuniosa
777 1447 858 1508 bono
869 1449 1055 1527 honestoque
1066 1448 1097 1508 in
1110 1466 1234 1529 pravum

133 1533 324 1595 aabstractus
340 1542 393 1595 est.
438 1533 497 1595 Sed
512 1533 654 1613 lugurtba
670 1535 766 1613 primo
785 1540 898 1594 tantum
921 1533 1008 1594 modo
1030 1531 1099 1594 belli
1121 1551 1235 1597 morem

163 1618 337 1694 redimebat,
363 1618 543 1680 existumans
569 1637 634 1680 sese
656 1618 767 1698 aliquid
792 1618 910 1680 interim
934 1618 1043 1680 Romae
1065 1619 1163 1698 pretio
1185 1627 1237 1681 aut

164 1704 256 1782 gratia
271 1704 462 1776 effecturum3
478 1712 579 1783 postea
594 1723 663 1766 vero
679 1721 767 1784 quam
782 1703 956 1783 participem
973 1703 1073 1782 negoti
1088 1703 1236 1767 Scaurum

164 1789 287 1868 accepit,
302 1789 332 1849 in
348 1806 513 1851 maxumam
528 1807 612 1869 spem
627 1789 772 1851 adductus
790 1789 1010 1869 recuperandae
1026 1789 1118 1868 pacis,
1133 1791 1237 1852 statuit

134 1891 232 1966 4cum
254 1874 297 1934 eis
318 1873 354 1934 de
376 1873 514 1935 omnibus
535 1873 723 1953 pactionibus
743 1891 884 1953 praesens
909 1892 1005 1952 agere.
1035 1871 1173 1935 Ceterum
1188 1875 1236 1936 in·

164 1969 243 2020 terea
258 1958 325 2019 fidei
341 1977 428 2019 causa
443 1958 569 2020 mittitur
583 1977 599 2019 a
615 1959 738 2020 consule
753 1959 871 2020 Sentius
887 1967 1026 2038 quaestor
1043 1958 1074 2019 in
1091 1959 1235 2039 oppidum

165 2043 324 2122 lugurtbae
336 2042 460 2122 Vagam;
477 2044 563 2105 cuius
578 2044 620 2104 rei
636 2045 752 2124 species
764 2051 825 2104 erat
840 2044 972 2124 acceptio
988 2044 1138 2118 frumenti,
1155 2044 1236 2124 quod

166 2125 343 2209 Calpurnius
357 2128 452 2207 palam
474 2128 577 2208 legatis
592 2129 799 2208 imperaverat,
823 2129 962 2209 quoniam
983 2128 1142 2191 deditionis
1156 2127 1239 2191 niora

200 2280 307 2329 babitu:
323 2278 676 2345 bezeiebuetdasgesammte
762 2279 785 2330 6.
804 2277 941 2329 Siciliam:
962 2278 1012 2330 wie
1030 2278 1071 2331 ein
1088 2278 1240 2332 Studtname

166 2345 303 2398 Verbalten
327 2345 372 2398 des
389 2346 542 2412 Menseben,
561 2351 675 2399 nement—
726 2345 878 2412 behaodelt,
901 2361 993 2413 wegen
1010 2346 1056 2399 des
1073 2347 1157 2400 nahen
1177 2347 1239 2400 Vor-

165 2412 215 2466 lich
234 2413 299 2465 ancb
322 2413 367 2466 das
391 2418 505 2478 iussere,
529 2415 554 2466 in
573 2430 603 2467 so
620 2415 674 2467 iera
727 2413 869 2482 hergebens
892 2431 945 2467 ron
962 2413 1090 2480 Regiam:
1113 2430 1142 2468 so
1161 2418 1204 2481 33,
1222 2419 1240 2468 4

165 2497 194 2534 es
212 2482 282 2534 nicht
299 2482 440 2535 natdrlicbe
457 2483 540 2548 Gabe,
565 2483 674 2536 sondern
726 2481 922 2549 Numidiaeque
939 2482 1009 2534 dicht
1030 2482 1095 2534 nach
1112 2481 1221 2536 domae.

165 2551 318 2618 angeeignet
335 2551 382 2612 ist;
400 2550 452 2604 Gic.
469 2551 502 2605 de
518 2552 571 2604 inv.
594 2555 615 2617 l,
633 2555 674 2617 24,
760 2549 808 2608 29.
830 2554 849 2605 l.
867 2552 915 2602 seat
927 2552 1032 2602 abiete·
1060 2550 1241 2605 DerGedanlse

167 2622 198 2672 35
226 2635 294 2685 quae
321 2620 455 2671 industria
483 2625 676 2688 compararetur
727 2619 912 2673 desErzilrlers
930 2617 1048 2671 verweilt
1064 2617 1239 2672 lortwdbrend

167 2688 204 2737 ad
225 2689 344 2738 tabitam
367 2692 510 2755 pertinent.
545 2689 604 2742 llier
621 2689 676 2740 also
727 2689 768 2740 bei
797 2687 960 2755 Calpurnium
992 2686 1070 2739 daber
1096 2687 1130 2740 iat
1155 2686 1243 2741 dieser

166 2755 305 2808 besonders
319 2756 365 2807 ani
380 2755 674 2824 dieWortederobigen
728 2755 814 2807 weder
841 2756 878 2808 als
905 2754 997 2819 Object
1029 2754 1070 2806 bei
1101 2761 1243 2822 temptare,

166 2821 315 2875 Scbllderun
343 2826 396 2888 (15,
405 2825 433 2888 l)
443 2828 510 2874 uitia
519 2841 569 2875 eata
580 2824 677 2876 callide
728 2823 794 2875 noch
803 2824 842 2875 als
852 2823 959 2888 Subject
973 2823 1014 2875 bei
1030 2823 1243 2876 administrabat

168 2892 306 2942 oeeultane
317 2839 487 2942 irindeutmd.
496 2920 528 2929 —
539 2891 589 2943 Das
605 2893 678 2944 Wort
728 2890 867 2942 besonders
885 2890 1048 2958 angadeutet.

168 2959 274 3010 liabitas
297 2957 377 3010 findet
400 2957 454 3009 sich
476 2957 517 3008 bei
541 2958 604 3011 Sall.
631 2973 678 3010 nur
764 2962 895 3010 auaritia.-
913 2958 1004 3026 gebdrt
1021 2975 1053 3012 zu
1071 2976 1161 3026 aeger.

168 3027 222 3079 bier
238 3026 289 3078 und
303 3025 401 3091 Fragm.
413 3024 461 3076 ine.
472 3027 505 3078 46
515 3023 556 3076 llr.
567 3029 600 3078 44
610 3025 637 3077 k.
647 3029 676 3077 A.
764 3028 786 3078 3.
813 3027 976 3079 redimebat:
1010 3028 1118 3090 ,sucbte
1144 3043 1177 3080 au
1204 3043 1245 3081 er-

203 3099 226 3147 5.
243 3109 305 3145 nam
324 3098 373 3145 etc.
407 3091 456 3144 Der
469 3090 531 3145 Sinn
549 3093 595 3144 ist:
614 3109 678 3144 nam
729 3093 854 3153 lraulen“;
872 3095 925 3162 vgl.
943 3097 984 3156 at,
1006 3100 1015 3148 l
1036 3097 1180 3149 laniabant.

168 3179 237 3228 qaae
255 3164 418 3213 domaeartee
427 3165 544 3212 orantia
562 3162 678 3223 consule,
763 3164 787 3214 4.
813 3161 880 3224 fidei
901 3179 999 3215 cauea:
1025 3180 1086 3227 ,aur
1103 3163 1246 3231 Beglanbi·

169 3246 213 3280 eae
231 3232 316 3280 omnia
340 3231 457 3280 avaritia
478 3229 678 3296 praepediebat.
730 3234 831 3298 gung“;
851 3231 891 3295 85,
909 3233 949 3284 29.

168 3297 236 3349 Aber
258 3296 320 3350 Sall.
342 3296 397 3348 will
421 3296 615 3366 heuptsicblieb
638 3297 679 3349 die
766 3297 886 3363 Vagam:
912 3299 954 3350 die
980 3298 1055 3352 Stadt
1081 3300 1151 3352 biess
1176 3301 1246 3354 anob

169 3370 247 3434 guten
266 3364 461 3432 lligenscbaiten
480 3365 527 3421 des
538 3365 624 3418 Bestia
642 3381 680 3418 er·
734 3363 822 3416 Vacca
827 3383 839 3429 ;
856 3367 923 3431 jetat
941 3367 1055 3420 Redseba
1072 3369 1099 3421 in
1117 3366 1212 3421 Tanis.

169 3434 287 3500 wibnen,
305 3449 348 3486 um
365 3432 442 3486 daran
453 3433 494 3487 die
505 3433 680 3501 anfangsebr·
765 3449 856 3486 mora:
874 3449 942 3488 caus.
954 3435 1066 3488 Ablatir.
1091 3435 1152 3488 blan
1170 3435 1247 3489 batte

169 3501 446 3570 lieheliriegsldbrnag
464 3502 598 3556 desselben
617 3503 682 3568 (57)
734 3501 975 3569 Waffenstillstand,
1008 3504 1068 3556 weil
1094 3503 1136 3556 die
1161 3504 1246 3558 sebon

170 3588 202 3623 zu
219 3571 272 3624 lind
292 3571 349 3634 sen,
372 3570 425 3624 und
449 3575 515 3625 setet
537 3570 615 3624 daber
632 3569 682 3622 den
733 3571 897 3625 rerabredele
914 3571 1249 3641 (sabeinbareerbergabe

171 3587 482 3708 Verbinaiirngsgedanlren
496 3643 682 3706 avaritprae·
732 3640 786 3692 sieh
817 3642 968 3719 rerzdgerte
995 3641 1062 3706 (eine
1088 3639 1248 3709 Redingung

168 3708 230 3774 ped.
249 3709 307 3759 don.
326 3712 394 3763 artie
411 3709 437 3760 in
461 3708 510 3761 den
528 3707 681 3771 Nebensatz,
732 3708 777 3761 des
794 3707 1052 3761 Waiienstrllstandes
1069 3722 1124 3760 war
1140 3707 1184 3761 die
1195 3707 1249 3763 Ge·

171 3774 237 3828 ohne
247 3776 314 3829 doch
325 3775 366 3828 die
379 3777 453 3828 llorm
463 3776 507 3829 der
516 3772 680 3842 Verbindung
731 3775 953 3842 treidelielerung).
989 3776 1060 3829 Nach
1085 3775 1132 3829 der
1148 3775 1250 3832 Ueber-

171 3859 203 3896 zu
221 3843 323 3896 andern.
511 3904 514 3909 ¹
690 3874 695 3907 ;
732 3845 798 3912 gabe
815 3844 885 3897 batte
903 3859 960 3896 man
980 3844 1184 3912 Faeceniae).
1263 3888 1267 3893 -
