2602 4358
367 41 408 94 DE
426 42 526 96 Bauio
544 41 699 98 iuouiirh.
734 44 760 96 G.
780 46 889 97 32-34.
1104 42 1165 104 133

97 222 126 274 et
140 214 263 276 iniurias
278 215 374 275 omnis
396 215 530 276 munitus
549 207 635 278 soret.
665 216 703 276 tt
718 213 748 276 C.
764 215 919 277 Memmius
941 217 1077 297 advocata
1092 236 1164 281 con·
1180 229 1195 279 3

95 300 194 374 tione,
211 318 387 379 quamquam
402 301 465 379 regi
481 301 586 361 infesta
600 300 703 381 plebes
719 310 781 362 erat
796 309 825 362 et
839 320 908 381 pars
923 303 954 364 in
966 301 1083 363 vincula
1096 303 1164 364 duci

95 384 223 459 iubebat,
239 404 317 464 pars,
334 386 392 446 nisi
406 386 503 446 socios
519 385 638 447 sceleris
654 386 700 446 sui
716 386 854 466 aperiret,
870 405 953 448 more
968 388 1113 449 maiorum
1129 388 1165 450 de

95 471 180 531 hoste
195 471 376 550 supplicium
390 471 482 546 sumi,
505 470 639 547 dignitati
655 489 742 550 quam
758 471 818 532 irae
836 472 929 549 magis
944 473 1104 534 consulens
1119 492 1166 535 se-

96 555 165 616 dare
180 563 279 617 motus
294 564 323 616 et
338 555 453 617 animos
468 574 570 616 eorum
582 555 712 630 mollire;
729 561 879 635 postremo
892 559 1067 618 confirmare
1078 558 1166 619 fidem

95 640 244 719 publicam
259 658 313 719 per
328 658 393 701 sese
408 641 573 701 inviolatam
595 642 669 701 sore.
705 640 792 717 Post,
814 641 865 702 uhi
886 641 1036 702 silentium
1058 644 1197 723 coepit,4

95 725 241 804 producto
256 725 398 803 Iugurtha
413 724 499 787 verba
514 726 598 787 iacit:
614 725 725 786 Romae
734 725 947 805 Numidiaeque
958 727 1089 788 facinora
1101 728 1166 790 eins

95 819 253 886 memorat,
269 811 380 872 scelera
396 809 426 870 in
442 818 554 890 patrem
570 811 735 890 fratresque
750 812 878 874 ostendit
884 830 893 885 3
917 811 1025 890 quihus
1040 813 1166 874 iuvanti-

94 893 151 955 bus
168 895 336 974 quibusque
350 895 495 956 ministris
510 915 543 956 ea
558 897 660 975 egerit,
674 914 851 975 quamquam
867 896 1018 976 intellegat
1032 897 1162 976 populus

95 979 257 1056 Romanus,
272 990 370 1042 tamen
385 979 459 1041 velle
474 981 638 1043 manufesta
653 981 746 1060 magis
762 1000 797 1042 ex
812 981 863 1042 illo
879 981 1001 1056 habere3
1025 982 1050 1042 si
1066 1001 1167 1044 vemm

95 1065 219 1150 aperiat,
232 1066 334 1127 infide
350 1074 380 1127 et
394 1065 548 1128 clementia
563 1066 668 1147 populi
679 1066 805 1128 Romani
820 1085 956 1146 magnam
970 1085 1054 1147 spem
1068 1067 1111 1127 illi
1126 1067 1167 1128 si-

95 1159 153 1211 tam
162 1169 171 1225 ;
187 1151 234 1211 sin
250 1151 380 1227 reticeat,
396 1170 457 1212 non
473 1151 561 1212 sociis
577 1151 664 1213 saluti
679 1153 752 1228 fore,
769 1152 820 1213 sed
835 1171 867 1214 se
882 1171 1011 1232 suasque
1022 1171 1091 1232 spes
1102 1170 1166 1213 cor·
1204 1182 1207 1197 ι

94 1243 264 1315 rupturum.
290 1236 412 1312 Deinde,
427 1235 478 1296 ubi
489 1236 645 1298 Memmius
660 1235 780 1298 dicundi
795 1238 885 1298 finem
901 1236 971 1298 lecit
986 1244 1015 1298 et
1025 1237 1168 1315 Iugurtha
1179 1237 1219 1295 ot

94 1322 277 1399 respondere
292 1321 392 1382 iussus
407 1331 461 1397 est,
478 1321 509 1382 C.
521 1321 647 1384 baebius
661 1321 800 1384 tribunus
815 1321 920 1400 plebis,
937 1340 1025 1401 quem
1040 1322 1167 1401 pecunia

95 1415 270 1485 corruptum
286 1424 376 1485 supra
392 1406 528 1479 diximus,
551 1425 649 1485 regem
665 1414 762 1467 tacere
778 1405 875 1468 iubet:
888 1425 923 1467 ac
937 1407 1052 1467 tametsi
1067 1407 1167 1468 multi·

94 1490 177 1564 tudo,
193 1510 268 1570 quae
284 1490 315 1551 in
332 1491 472 1551 contione
486 1491 594 1568 aderat,
613 1492 803 1552 vehementer
818 1509 941 1552 accensa
956 1491 1085 1552 terrebat
1099 1509 1168 1553 eum

95 1576 223 1636 clamore
237 1575 334 1652 voltu,
356 1594 444 1655 saepe
465 1577 578 1654 impetu
600 1585 688 1656 atque
709 1575 774 1636 aliis
789 1576 926 1638 omnibus
949 1595 1024 1655 quae
1045 1578 1088 1637 ira
1102 1577 1167 1638 fieri
1191 1595 1197 1601 ·

94 1668 180 1736 amat,
195 1660 265 1722 vicit
275 1669 373 1722 tamen
385 1661 568 1740 inpudentia.
584 1661 628 1724 lta
639 1660 770 1742 populus
781 1660 909 1722 ludibrio
919 1661 1037 1724 habitus
1047 1681 1083 1723 ex
1095 1680 1167 1723 con·
1182 1668 1198 1720 2

95 1745 175 1806 tione
187 1746 327 1808 discedit:
343 1746 503 1824 Iugurthae
514 1747 689 1827 Bestiaeque
705 1755 734 1808 et
749 1748 864 1823 ceteris,
881 1766 956 1826 quos
971 1746 1020 1808 illa
1035 1746 1167 1827 quaestio

95 1830 265 1909 exagitabat,
280 1831 371 1892 animi
385 1840 558 1910 augescunt.

180 1916 252 1978 Erat
266 1935 300 1977 ea
313 1925 487 1995 tempestate
501 1916 612 1979 Romae
625 1915 749 1978 Numida
765 1915 883 1996 quidam
898 1916 1019 1977 nomine
1034 1914 1166 1992 Massiva,
1181 1915 1219 1974 85

95 2002 239 2063 Gulussae
254 2001 341 2077 filius,
357 2001 528 2063 Masinissae
539 2021 644 2082 nepos,
661 2001 721 2081 qui,
738 2002 806 2080 quia
821 2002 853 2062 in
866 2001 1051 2062 dissensione
1062 2018 1166 2080 regum

94 2087 255 2166 Iugurthae
275 2087 416 2148 advorsus
436 2087 548 2162 fuerat,
570 2087 666 2150 dedita
682 2086 759 2148 Cirta
781 2095 810 2148 et
825 2086 990 2148 Adherbale
1012 2086 1167 2147 interiecto

95 2173 241 2250 profugus
256 2190 292 2232 ex
306 2172 400 2252 patria
414 2172 534 2234 abierat.
557 2173 634 2234 Huic
643 2172 696 2252 Sp.
710 2171 844 2245 Albinus,
860 2173 912 2250 qui
927 2189 1072 2252 proxumo
1088 2189 1167 2232 anno
1182 2177 1198 2228 2

130 2288 153 2338 3,
173 2286 302 2350 dignitati
321 2291 369 2338 etc.
399 2286 606 2353 Vgl.Gat.bt,‘l.
658 2287 713 2339 sein
731 2287 827 2339 wdrde.

128 2370 179 2420 per
204 2370 274 2404 ecre:
300 2379 334 2399 =
361 2357 490 2419 quantum
520 2359 550 2406 in
579 2372 607 2405 aa
691 2353 739 2409 34.
768 2360 790 2408 1.
818 2361 1036 2420 quac...amat.·
1062 2353 1168 2416 Suhject

96 2426 169 2474 cerat.
657 2423 691 2474 ist
709 2426 761 2474 ira.
801 2421 846 2474 Die
870 2422 968 2474 Constr.
996 2438 1047 2474 von
1076 2437 1168 2471 amare

128 2494 153 2542 4.
179 2490 330 2556 producto.-
356 2488 517 2541 technischer
540 2491 607 2542 Aua·
659 2490 705 2541 mit
720 2489 778 2540 dem
792 2490 852 2540 Aac.
870 2506 892 2542 c.
906 2490 950 2540 inl.
963 2488 1168 2554 isteigenthrim-

94 2557 176 2610 druch
202 2573 254 2611 von
281 2557 353 2622 dem,
378 2556 423 2609 der
449 2557 493 2608 aul
517 2554 607 2609 Besehl
657 2557 717 2620 lich,
733 2556 905 2609 unddadurch
922 2573 953 2608 zu
969 2556 1094 2621 militen,
1108 2555 1168 2608 dass

95 2627 165 2677 eines
192 2625 322 2682 Tribunen,
346 2626 372 2676 in
399 2624 443 2678 der
470 2624 606 2678 Vollrsveo-
659 2641 718 2676 amo
746 2625 803 2678 eine
825 2625 871 2676 mit
895 2626 987 2691 placat
1011 2626 1079 2675 mihi
1107 2623 1169 2676 oder

95 2694 240 2760 sammlung
266 2693 394 2760 enachim,
424 2709 466 2744 nm
492 2693 606 2746 Rechen-
658 2693 717 2744 volo
753 2692 902 2745 verwandte
936 2692 1087 2759 Bedeutung
1124 2707 1169 2745 an·

95 2761 178 2814 schait
195 2762 259 2813 iiber
276 2767 357 2814 etwas
374 2778 406 2813 zu
424 2761 514 2828 geben.
658 2762 762 2827 nimmt,
789 2761 816 2813 in
842 2760 955 2813 welcher
981 2776 1008 2814 es
1035 2761 1100 2812 auch
1123 2761 1169 2812 mit

129 2829 341 2896 Numidiaeque.-
362 2845 395 2880 zu
412 2832 455 2892 28,
465 2831 605 2883 6.—Aus-
657 2830 715 2881 dem
725 2829 798 2881 Nom.
809 2829 884 2882 eins.
900 2829 983 2890 steht3
1001 2829 1028 2880 in
1043 2827 1169 2896 gleichem

95 2898 195 2951 serdem
212 2899 246 2950 ist
260 2897 605 2950 dieKdrzedosAusdruchs
657 2898 735 2951 Sinne
761 2898 830 2950 steht
857 2912 884 2950 es
907 2898 953 2949 mit
979 2897 1037 2948 dem
1065 2897 1168 2949 blossen

97 2967 182 3029 „aeine
199 2965 298 3019 Thaten
316 2967 342 3017 in
360 2966 424 3017 Rom
442 2967 494 3017 und
511 2967 605 3020 Num.“
656 2968 748 3018 Aecus.
760 2970 802 3032 41,
815 2968 844 3026 3;
873 2965 947 3017 heide
970 2965 1068 3017 Constr.
1087 2965 1169 3016 nehen

96 3034 286 3086 euhemerken:
305 3035 369 3086 eben
382 3050 412 3086 so
425 3034 610 3100 gleichdaraul
657 3034 777 3086 einander
799 3033 858 3086 Hor.
882 3035 962 3086 (lanu.
984 3037 1006 3095 1,
1021 3035 1046 3096 2,
1067 3035 1099 3085 49
1125 3035 1169 3084 hic

95 3102 198 3152 seelera
216 3105 245 3152 in
261 3108 366 3168 patrem
383 3102 543 3168 fratresque.
656 3117 769 3167 magnos
778 3105 868 3168 potius
878 3103 1036 3167 triumphos,
1046 3102 1169 3152 dicamas

131 3169 213 3220 callo:
230 3170 452 3236 nintpnpatum,
470 3171 496 3221 in
514 3170 606 3223 dessen
657 3171 712 3221 dici
728 3176 807 3236 pater
826 3175 905 3236 atqua
922 3173 1056 3236 princeps.

96 3237 192 3289 Namen
210 3237 344 3288 Memmius
361 3236 441 3288 redet.
690 3236 737 3293 35.
763 3244 786 3291 1.
810 3255 841 3289 aa
860 3242 1025 3304 tempestate.-
1051 3235 1101 3288 Das
1118 3235 1168 3286 his

130 3322 185 3357 noa
202 3308 283 3357 comis
299 3306 347 3356 eal.
366 3305 439 3366 fora:
466 3306 525 3358 weil
546 3322 605 3358 man
657 3305 702 3358 her
719 3305 836 3357 Emahlte
859 3305 965 3372 gehdrte
989 3303 1055 3356 noch
1077 3304 1103 3354 in
1121 3303 1167 3354 das

96 3373 220 3439 nimlich,
252 3373 303 3424 wie
328 3371 421 3425 vorher
446 3378 538 3440 gesagt
563 3374 605 3439 ist,
657 3373 848 3437 Consulatsjahr
862 3373 907 3425 des
923 3372 1018 3425 Bestia.
1047 3369 1169 3422 Vonhier

96 3442 166 3494 diese
190 3442 271 3495 sehon
293 3441 385 3492 kenne.
419 3439 521 3492 Momm.
540 3445 606 3493 satit
657 3456 689 3493 an
713 3441 775 3507 geht
792 3439 910 3492 Sullana
932 3440 981 3492 den
1005 3438 1166 3505 Ereignissen

96 3510 145 3562 mit
153 3510 233 3563 Recht
242 3523 345 3575 vorans,
363 3508 423 3561 dass
438 3509 479 3560 bei
497 3508 607 3560 dieser
658 3509 703 3561 des
720 3508 783 3575 folg.
798 3507 887 3560 Jahres
906 3511 957 3561 644
975 3509 1046 3573 (110)
1064 3507 1133 3558 tiber.

97 3577 278 3644 Verhandlnng
302 3577 346 3630 der
362 3575 457 3629 Zweck
478 3592 529 3628 von
546 3575 606 3643 Jug.
695 3575 838 3627 Gulussae:
857 3591 878 3628 s.
898 3579 922 3640 5,
932 3579 957 3630 6.

97 3643 247 3714 Schweigen
271 3644 465 3712 hauptsichlich
488 3644 529 3696 die
547 3644 607 3696 Ret-
693 3644 752 3697 dcd.
772 3642 862 3694 Cirta.-
880 3643 931 3710 vgl.
951 3659 973 3695 c.
991 3645 1033 3696 26.

98 3719 162 3781 tung
191 3715 274 3767 rainer
303 3713 445 3767 romischen
475 3711 606 3765 Genossen
692 3715 718 3764 2.
744 3711 873 3769 Albium:
894 3711 985 3764 Vollst.
1008 3709 1053 3777 Sp.
1078 3710 1172 3762 Postu·
