2602 4358
144 163 206 226 202
512 167 548 218 G..
558 164 712 219 semusti
729 163 832 218 cutsrt

143 340 294 419 legionum
311 339 457 401 tubicines
472 338 558 399 simul
575 356 678 400 omnes
692 338 777 417 signa
792 355 914 412 canere,
936 336 1044 399 milites
1058 337 1222 401 clamorem

113 426 246 487 ttollere
267 434 353 504 atque
376 424 471 504 portis
492 442 657 504 erumpere.
687 423 781 484 llauri
800 433 890 502 atque
909 423 1041 497 Gaetuli,
1063 425 1167 500 ignoto
1189 434 1223 487 et

144 511 278 573 horribili
294 511 393 571 sonitu
409 518 532 589 repente
547 509 650 583 exciti,
672 528 769 589 neque
784 509 888 586 lugere
903 526 1000 588 neque
1014 526 1095 570 arma
1109 526 1221 589 capere

114 607 129 657 a
144 615 242 676 neque
257 596 379 657 omnino
391 595 488 656 lacere
502 605 553 656 aut
568 594 722 674 providere
733 594 891 673 quicquam
903 603 1056 673 poterant:
1072 594 1112 655 its
1123 612 1221 656 cunc·

143 694 189 743 tos
210 682 337 759 strepitu
352 681 489 753 clamore,
513 680 595 740 nullo
610 678 804 740 subveniente
826 679 936 739 nostris
954 679 1146 753 instantibus,
1168 690 1221 742 tu·

143 767 238 829 multu
254 765 411 827 tormidine
426 763 527 826 terror'
542 766 625 845 quasi
643 765 777 826 vecordia
797 774 926 843 ceperat.
955 765 1092 843 lienique
1112 782 1221 828 omnes

143 854 201 915 lusi
217 851 382 930 fugatique;
398 868 478 911 arma
494 860 523 912 et
538 851 622 929 signa
637 849 773 911 militaria
788 849 929 929 pleraque
943 860 1038 930 capta,
1054 850 1220 930 pluresque

143 958 178 999 co
194 936 307 1018 proelio
329 954 417 1015 quam
433 936 571 998 omnibus
586 935 791 1015 superioribus
806 935 986 1015 interempti.
1021 934 1094 997 Nam
1110 953 1220 998 somno

142 1032 172 1085 et
185 1033 266 1084 metu
282 1021 400 1082 insolito
416 1021 555 1100 impedita
568 1021 647 1100 luga.

92 1104 146 1160 100
231 1107 305 1168 Dein
324 1107 449 1181 llarius,
466 1107 508 1167 uti
527 1115 678 1186 coeperat,
698 1106 729 1167 in
750 1105 890 1179 hiberna;
912 1124 983 1167 uum
998 1117 1119 1186 propter
1132 1123 1220 1167 com·

144 1202 271 1254 meatum
293 1193 324 1253 in
348 1191 465 1271 oppidis
487 1192 651 1253 maritumis
674 1208 762 1270 agere
785 1191 967 1263 decreverat;
998 1209 1096 1270 neque
1117 1198 1220 1253 tamen

144 1279 263 1340 victoria
279 1295 381 1338 socors
396 1287 446 1337 aut
462 1277 594 1338 insolens
608 1277 714 1352 lactus,
730 1277 780 1338 sed
793 1276 902 1356 pariter
913 1286 1001 1355 atque
1010 1277 1040 1337 in
1053 1288 1220 1357 conspectu

113 1364 272 1425 thosuum
296 1362 436 1442 quadrato
460 1364 577 1441 agmine
599 1362 752 1423 incedere:
791 1361 871 1423 Sulla
894 1379 962 1423 cum
985 1361 1116 1442 equitatu
1137 1362 1219 1442 apud

142 1450 313 1520 «lentunen,
335 1448 366 1508 in
389 1448 508 1508 sinistra
530 1458 614 1528 parte
630 1450 663 1509 Α.
678 1446 804 1508 blanlius
827 1465 894 1508 cum
911 1446 1111 1508 lunditorihus
1125 1456 1156 1509 et
1169 1466 1219 1510 su·

143 1534 277 1613 gittariis,
293 1542 443 1612 praeterea
456 1533 587 1595 cohortis
599 1533 741 1613 Ligurum
752 1532 887 1606 curabat;
903 1533 1016 1612 primos
1030 1541 1060 1594 et
1069 1542 1220 1595 extremos

112 1620 211 1681 3cum
226 1618 369 1699 expeditis
384 1619 544 1698 manipulis
566 1618 704 1680 tribunos
723 1617 883 1691 locaverat3
905 1619 1062 1698 perfugae,
1084 1617 1220 1682 minume

143 1707 202 1766 cari
218 1714 249 1765 et
262 1704 418 1781 regionum
434 1704 645 1779 scientiarum,
667 1702 797 1763 hostium
813 1703 869 1764 iter
882 1703 1085 1782 explorabant.
1120 1703 1219 1766 Simul

143 1789 248 1851 consul
264 1789 347 1868 qnasi
363 1789 445 1849 nullo
461 1789 592 1868 inposito
608 1788 707 1849 omnia
721 1787 886 1867 providere,
902 1789 979 1868 apud
995 1789 1093 1851 omnis
1104 1788 1217 1865 adesse,

112 1874 261 1937 ⁴llaudare
277 1883 306 1935 ct
321 1875 476 1953 increpare
490 1873 643 1935 merentis.
680 1873 746 1952 lpse
761 1882 891 1935 armatus
911 1874 1123 1953 intentusque,
1146 1875 1219 1936 item

142 1959 250 2021 milites
266 1958 404 2037 cogebat3
429 1977 526 2037 neque
541 1977 642 2032 secus,
664 1968 752 2037 atquc
767 1959 824 2020 iter
846 1959 957 2033 lacere,
979 1967 1073 2021 castra
1088 1960 1218 2037 munire,

142 2044 311 2106 excubitum
328 2044 357 2105 in
375 2054 474 2124 portas
491 2045 621 2105 cohortis
644 2063 678 2105 ex
694 2043 878 2122 legionibus,
899 2063 954 2124 pro
976 2045 1080 2106 castris
1102 2045 1219 2125 equites

142 2130 310 2192 auxiliarios
326 2130 461 2205 mittere,
482 2138 633 2208 praeterea
654 2128 727 2190 alios
749 2147 841 2209 super
856 2129 962 2192 vallum
977 2131 1010 2191 in
1024 2130 1218 2193 munimentis

141 2216 255 2290 locare,
278 2213 389 2294 vigilias
411 2215 475 2294 ipse
497 2215 670 2289 circumire,
693 2232 754 2275 non
771 2223 829 2276 tam
844 2214 1006 2277 diffidentia
1026 2214 1126 2277 lutura
1141 2234 1219 2295 quac

177 2351 201 2401 3.
219 2348 336 2409 formido
347 2387 353 2399 .
364 2387 371 2398 .
382 2353 505 2414 ceperat.-
514 2348 567 2415 vgl.
578 2351 619 2411 tt,
629 2351 653 2400 2.
739 2349 797 2400 aot.
808 2346 868 2413 big.
887 2350 1015 2399 curabat:
1033 2347 1082 2400 ller
1099 2347 1220 2402 absolute

143 2415 253 2469 Bescbte
281 2415 322 2467 die
349 2415 546 2482 durchgeliihrte
571 2416 653 2468 Zwei-
704 2415 836 2468 Gehrauch
869 2430 920 2467 von
950 2432 1048 2467 curura
1074 2417 1135 2480 (wie
1162 2415 1218 2471 cst.

142 2484 266 2550 theilung.
704 2487 772 2547 59,3
787 2499 812 2535 u.
822 2484 897 2549 oller)
917 2484 968 2535 und
986 2484 1027 2537 die
1037 2485 1220 2539 construction

174 2550 237 2606 ltu.
268 2557 289 2604 1.
315 2555 343 2602 in
362 2553 488 2602 hiberna.-
515 2551 559 2605 das
579 2553 652 2604 Verb.
704 2552 838 2605 desselben
857 2550 981 2605 Verbums
1002 2553 1048 2604 mit
1064 2554 1148 2607 einen
1166 2552 1220 2607 Ob·

141 2620 185 2673 der
196 2621 343 2687 Bewegung
361 2620 394 2672 ist
412 2620 585 2687 suegelassen,
604 2621 653 2673 wie
699 2622 756 2686 ject
777 2618 835 2673 sind
858 2620 912 2672 hier
940 2621 986 2672 mit
1010 2620 1133 2673 einander
1159 2637 1241 2675 rer·.

142 2689 212 2741 nicht
230 2688 320 2752 selten,
341 2688 596 2742 wenudasselbeaus
608 2688 653 2741 der
704 2688 814 2741 hunden.
842 2688 892 2740 llas
904 2688 1028 2741 deutsche
1039 2688 1218 2757 ,helehligen“

141 2757 247 2824 Angebe
265 2756 409 2835 einmhiels
427 2756 489 2809 oder
507 2757 577 2810 eines
586 2760 650 2811 Aus-
704 2757 769 2810 linet
786 2756 840 2810 sich
857 2757 923 2809 eben
940 2772 970 2810 so
988 2757 1035 2810 aul
1049 2756 1123 2811 beide
1136 2758 1220 2811 sirm

140 2824 650 2956 ξΐεῖιεῐψὲἓᾟαέῗξιηηῖῗ5ῗιριιὴιεαῒηέξνῐιὲ
703 2825 873 2946 gebmbcrllrip
891 2893 1048 2946 bezeichnet·
1064 2893 1157 2957 Lente,
1185 2909 1221 2949 su

142 2960 240 3012 Caesar
257 2963 287 3010 in
307 2959 488 3024 Campaniam.
704 2961 780 3012 deren
800 2960 939 3029 Erhaltung
956 2961 1008 3013 viel
1024 2962 1133 3029 gelegeu
1150 2962 1194 3017 iel.

175 3044 270 3093 agero,
296 3028 330 3078 im
357 3027 434 3080 Sinne
458 3045 508 3081 von
535 3034 649 3096 agitare,
738 3032 871 3095 inposito:
888 3030 914 3081 in
933 3030 979 3082 der
992 3029 1144 3098 Bedentuug
1163 3030 1219 3093 „uls

141 3097 193 3164 vgl.
215 3100 254 3161 18,
272 3098 287 3148 9
306 3111 331 3146 u.
351 3112 381 3148 zu
401 3100 442 3161 89,
462 3100 485 3148 t.
702 3095 1219 3163 Autsener,uetehtshater(nueretwns)

176 3165 311 3284 qffadsapf?
334 3169 457 3285 agmp’pep
483 3164 540 3217 dem
558 3163 651 3283 hippol
703 3169 805 3286 peltzppt
817 3166 919 3219 absolut
927 3167 1081 3233 gebrauchl3
1096 3166 1150 3234 vgl.
1160 3166 1217 3221 Get

325 3248 341 3283 v
518 3248 569 3283 vn
789 3272 795 3285 .

141 3248 208 3364 llbfh
227 3248 444 3380 pepanmppscupp
459 3248 551 3368 {leiclb
564 3248 654 3352 romb}
736 3273 761 3353 b
781 3304 858 3352 item.-
876 3317 908 3354 zu
926 3303 979 3355 (lab
998 3305 1039 3367 27,
1052 3305 1077 3356 2.

142 3369 337 3423 heschrrebenen
372 3373 506 3421 munitium
547 3384 651 3434 agmen.
736 3384 822 3434 nequo
837 3385 912 3421 secus
929 3375 978 3423 etc.
997 3371 1068 3437 „und
1084 3370 1219 3425 mitnicht

141 3438 186 3491 Die
199 3437 362 3504 llanptsache
380 3453 442 3504 wer,
459 3437 519 3489 dass
536 3436 652 3489 allevier
704 3436 849 3504 geringerer
867 3437 987 3492 Vorsicht
1008 3439 1065 3492 als“
1081 3444 1130 3492 etc.
1168 3439 1219 3493 Der

140 3506 227 3559 Seiten
245 3505 325 3557 durch
339 3504 579 3559 leichtesFussvollr
591 3504 653 3557 oder
703 3503 776 3556 lnliu.
794 3504 882 3558 histor.
906 3507 972 3559 auch
993 3508 1028 3559 im
1046 3506 1218 3573 Nehensatae,

142 3574 221 3626 durch
229 3574 338 3626 Reiterei
356 3573 465 3641 gedeclrt
482 3573 599 3633 sordem
617 3573 652 3625 im
704 3587 746 3624 um
762 3571 804 3624 die
818 3573 959 3627 Gleichheit
974 3575 1018 3629 der
1034 3574 1125 3628 beiden
1134 3573 1219 3644 llinge

142 3643 233 3694 lnnern
255 3641 419 3694 marschirteu
443 3641 484 3693 die
505 3640 652 3695 Schwerbe·
703 3640 768 3693 anch
792 3641 826 3693 im
845 3643 994 3696 husdruclre
1018 3643 1105 3697 scharl
1120 3659 1153 3696 au
1173 3644 1219 3699 be·

143 3709 286 3773 walineten,
304 3707 652 3776 diedusGepickauischen
703 3708 834 3763 zeichnen.

32 3792 40 3799 ·
142 3777 197 3830 sich
215 3777 310 3831 hatten.
736 3777 849 3840 futuru:
868 3780 942 3833 udml.
962 3797 1024 3846 esse,
1041 3796 1094 3834 von
1111 3780 1219 3835 demin

176 3847 199 3897 2.
218 3861 293 3897 oum:
312 3862 344 3898 zu
362 3849 403 3910 tc,
423 3850 445 3898 l.
704 3845 790 3908 diffisi.
803 3846 863 3913 lieg.
875 3847 1062 3918 Verbalbegriff
1075 3847 1218 3919 abhtngig.
