2602 4358
435 171 476 224 DE
494 171 578 224 (lONl.
597 171 698 225 ClTlL.
725 172 751 224 G.
769 175 811 227 48.
1126 170 1165 232 65

180 344 251 406 Post
265 362 333 405 eum
349 343 426 404 diem
442 343 559 423 quidam
575 344 608 405 L.
625 344 806 424 Tarquinius
822 343 857 405 ad
873 352 1007 406 senatum
1023 343 1167 425 adductus
1181 357 1196 407 3

96 437 167 505 erat,
184 447 272 509 quem
287 429 321 490 ad
340 428 491 490 Catilinam
507 429 746 508 proticiscentem
762 449 797 491 ex
811 429 917 491 itinere
932 434 1092 492 retractum
1107 430 1167 493 aie·

94 515 174 576 bant.
211 514 254 590 ls,
277 533 344 575 cum
360 534 392 576 se
408 514 518 575 diceret
539 514 737 576 indicaturum
752 514 788 576 de
803 514 1025 590 coniuratione,
1049 515 1074 575 si
1095 515 1198 578 tidesl

94 599 212 679 publica
229 599 293 660 data
309 608 402 674 esset,
426 598 526 660 iussus
541 617 558 659 a
574 601 697 660 consule
712 618 789 678 qnae
803 600 893 661 sciret
912 599 1044 674 edicere,
1067 600 1168 662 eadem
1214 643 1219 652 ·

94 686 156 746 lere
172 703 247 764 qnae
262 683 431 745 Volturcius
447 683 482 744 de
497 685 607 763 paratis
628 685 773 746 incendiis
795 685 831 746 de
852 685 941 747 caede
961 685 1110 746 bonorum
1132 687 1168 747 de

95 770 201 830 itinere
211 769 342 830 hostium
355 777 487 831 senatum
501 769 602 844 docet;
619 776 770 849 praeterea
784 788 817 831 se
835 771 959 831 missum
971 790 988 832 a
1000 770 1039 830 Μ.
1053 770 1167 847 Crasso,

95 854 146 934 qui
163 853 303 916 Catilinae
319 856 484 930 nuntiaret,
506 873 543 915 ne
560 873 627 916 eum
643 854 788 916 Lentulus
804 862 832 915 et
848 854 993 934 Cethegus
1009 854 1118 934 aliique
1133 875 1169 918 ex

95 939 300 1000 coniuratione
312 939 490 1019 deprehensi
500 947 656 1014 terrerent,
673 958 769 1019 eoque
779 940 872 1018 magis
884 949 1057 1020 properaret
1068 941 1104 1001 ad
1116 959 1168 1002 nr-

94 1024 161 1085 bem
176 1025 325 1101 accedere,
341 1043 400 1103 quo
417 1033 445 1086 et
461 1033 627 1086 ceterorum
643 1025 757 1086 animos
772 1026 906 1087 reficeret
922 1033 950 1087 et
968 1025 1010 1086 illi
1021 1024 1136 1086 facilius
1152 1045 1168 1087 e

95 1109 228 1189 periculo
252 1109 449 1190 eriperentur.
486 1110 544 1171 Sed
566 1110 618 1172 ubi
634 1109 813 1188 Tarquinius
836 1108 973 1172 Crassum
997 1110 1198 1187 nominavit,5

95 1194 246 1257 hominem
262 1195 391 1256 nobilem
406 1195 550 1257 maxumis
566 1195 672 1256 divitiis
687 1213 800 1257 summa
816 1197 957 1276 potentia,
979 1195 1028 1256 alii
1043 1213 1105 1256 rem
1120 1196 1168 1257 in·

95 1280 266 1342 credibilem
282 1280 347 1358 rati,
362 1299 440 1360 pars,
456 1281 571 1342 tametsi
586 1299 688 1343 verum
704 1280 928 1355 existumabant,
944 1289 1041 1342 umen
1058 1281 1126 1359 quia
1137 1280 1168 1342 in

95 1365 145 1426 tali
160 1373 294 1445 ternpore
308 1373 389 1426 tanta
404 1366 446 1427 vis
467 1365 596 1427 hominis
617 1366 710 1445 magis
731 1365 870 1427 leniunda
886 1384 974 1444 quam
997 1365 1168 1443 exagitanda

94 1449 264 1525 videbatur,
288 1451 424 1529 plerique
440 1448 543 1511 Crasso
560 1469 596 1511 ex
611 1451 738 1530 negotiis
754 1450 874 1530 privatis
890 1449 1026 1524 obnoxii,
1050 1450 1168 1511 concla-

94 1544 176 1595 mant
191 1535 319 1596 indicem
336 1535 442 1597 falsum
458 1553 537 1606 esse,
563 1535 659 1616 deque
680 1554 713 1597 ea
734 1553 767 1596 re
781 1535 933 1615 postulant
955 1534 996 1595 uti
1012 1535 1167 1595 reseratur.

94 1619 197 1699 ltaque
213 1619 387 1680 consulente
404 1619 546 1681 Cicerone
561 1621 702 1701 frequens
717 1627 837 1682 senatus
854 1619 1001 1681 decernit:
1026 1619 1170 1698 Tarquini
1184 1631 1199 1682 6

95 1703 238 1766 indicium
253 1705 359 1766 lalsum
374 1705 481 1782 videri,
503 1723 631 1784 eumque
653 1705 684 1766 in
700 1704 825 1766 vinculis
844 1704 1049 1779 retinendum,
1071 1722 1169 1784 neque
1278 1737 1282 1753 ·

94 1790 221 1869 amplius
236 1797 410 1870 potestatem
431 1791 614 1866 faciundam,
636 1789 694 1852 nisi
715 1791 751 1851 de
767 1809 801 1851 eo
816 1789 974 1864 indicaret,
995 1789 1080 1851 cuius
1096 1807 1169 1850 con-

94 1874 161 1935 silio
183 1883 293 1936 tantam
314 1893 376 1937 rem
392 1881 470 1937 esset
484 1875 635 1938 mentitus.
670 1875 762 1936 Erant
784 1893 819 1936 eo
840 1883 974 1954 tempore
990 1875 1041 1954 qui
1059 1875 1198 1936 eristun

95 1968 210 2022 marent
230 1961 371 2022 indicium
395 1961 467 2023 illud
489 1961 553 2022 aP.
569 1961 714 2023 Autronio
737 1960 951 2034 machinatum,
974 1978 1032 2039 quo
1055 1959 1169 2021 facilius

96 2080 141 2127 ont
158 2080 215 2127 vitu
225 2077 429 2128 concederetur:
447 2077 500 2144 vgl.
509 2093 541 2128 zu
552 2077 607 2143 lug.
657 2075 729 2128 Ohne
758 2076 917 2143 vergingige
946 2075 1043 2126 ralatio
1073 2076 1170 2128 lronnte

96 2147 138 2210 84,
157 2147 180 2197 3.
215 2145 285 2196 Eben
304 2161 333 2196 so
352 2145 464 2197 sichlich
481 2146 516 2197 ist
532 2146 606 2196 cultu
658 2144 714 2197 eine
732 2143 1021 2210 ldrmlicheBeratliung
1036 2143 1107 2195 nicht
1123 2159 1168 2264 pe-

95 2229 126 2264 zu
153 2212 277 2278 cedmon,
305 2213 460 2265 namentlich
484 2228 535 2265 von
562 2213 606 2265 der
657 2212 778 2265 schehen.
813 2211 862 2264 Iler
874 2212 969 2264 Consul
985 2215 1043 2278 trug
1056 2211 1105 2264 den
1144 2227 1170 2263 e·

94 2279 235 2347 Kleidung;
254 2297 286 2332 zu
304 2281 357 2348 lug.
376 2285 417 2346 75,
439 2285 460 2334 1.
658 2279 781 2347 genstand
806 2295 854 2332 vor
871 2279 923 2332 und
946 2279 1045 2332 schloss
1063 2280 1109 2337 mit
1126 2279 1171 2333 der
1270 2304 1271 2308 ¹

130 2355 223 2400 erant.-
250 2347 300 2400 Iler
316 2349 394 2400 ludio.
420 2348 484 2400 nach
508 2353 607 2416 quippo
657 2348 738 2415 Frage
754 2349 786 2398 de
804 2363 837 2398 ea
855 2364 885 2398 ro
903 2347 969 2413 qnid
985 2348 1047 2410 fieri
1063 2349 1170 2414 placet?

95 2419 144 2480 qni
160 2415 195 2467 ist
212 2416 254 2466 bei
266 2415 327 2470 Sall.
345 2417 522 2484 regelrnissig;
541 2433 563 2468 z.
577 2416 607 2468 Β.
658 2417 750 2480 (50.3).
764 2415 1170 2482 llamitbegannerdenzweiten

95 2483 151 2549 lug.
169 2486 194 2548 l,
212 2487 240 2543 6;
259 2486 300 2549 20,
318 2487 341 2537 6.
533 2512 534 2515 =
658 2483 731 2535 Theil
743 2483 787 2534 der
798 2482 988 2549 Verhandlung,
1006 2482 1053 2534 das
1071 2499 1170 2548 rogare

130 2555 154 2606 3.
174 2557 237 2618 poet
253 2567 313 2602 enm
331 2552 400 2602 diam
417 2575 451 2596 =
468 2551 607 2616 postridie.
657 2554 802 2602 sententiaa
820 2551 882 2602 oder
894 2552 1169 2603 consuleresanatum.

131 2623 154 2672 4.
173 2623 234 2685 qui.-
253 2620 298 2670 aul
312 2637 340 2671 so
357 2635 389 2671 zu
401 2619 536 2670 beziehen:
554 2619 608 2686 vgl.
693 2623 717 2671 6.
735 2618 837 2669 videri.-
860 2617 919 2669 Dies
937 2618 1008 2684 giebt
1024 2618 1050 2668 in
1068 2617 1171 2670 Senats·

97 2691 113 2753 5
134 2691 145 2740 1
166 2688 255 2753 pletas
273 2726 279 2740 .
299 2727 306 2740 .
323 2727 330 2741 .
349 2704 425 2754 quae.
660 2685 722 2738 oder
739 2685 1021 2738 (lerichtsbeschlirssen
1039 2685 1088 2737 den
1099 2686 1171 2738 Wor-

93 2809 98 2824 ,
132 2761 155 2808 5.
175 2771 264 2808 oerum
283 2760 377 2809 exist.-
395 2755 448 2822 vgl.
468 2758 508 2818 17,
525 2759 549 2806 l.
661 2759 704 2807 len
722 2752 805 2805 nichts
823 2752 978 2818 unsicheres‚
996 2768 1071 2804 wenn
1087 2753 1170 2821 gleich

132 2830 208 2874 tanta
234 2828 274 2875 vis
301 2826 429 2876 nominis:
461 2824 514 2890 vgl.
538 2825 567 2888 8,
592 2826 608 2878 3
659 2821 1172 2889 derAusdrncknraprilnglichausRiiclr-

96 2895 261 2956 comptorum
286 2909 387 2959 magno
414 2895 536 2958 ingenio.
581 2891 608 2942 ln
660 2890 726 2942 siclit
745 2890 790 2941 aul
805 2889 1171 2957 diernenschlicheTriiglich-

98 2960 191 3012 beiden
208 2961 294 3012 Fdllen
317 2961 350 3014 ist
368 2961 414 3012 mit
432 2960 539 3012 Absicht
562 2960 608 3011 das
660 2957 715 3009 leit
732 2957 876 3025 eingeldlirt
895 2973 957 3010 war.
993 2958 1043 3011 Gic.
1057 2959 1136 3011 Acad.
1147 2962 1170 3023 2,

96 3027 368 3095 Eigenschaltsncmen
399 3028 608 3096 hervorgehoben
660 3030 703 3091 47,
724 3029 771 3079 146
789 3030 830 3078 ito
849 3030 1040 3092 tenere...pni
1057 3030 1172 3078 testimo·

96 3095 150 3148 und
168 3096 208 3148 die
222 3095 318 3149 Person
335 3097 361 3148 in
380 3097 428 3150 den
442 3095 611 3164 llintergrund
662 3098 737 3144 nium
759 3095 873 3159 dicaret,
896 3101 928 3145 nt
952 3098 1124 3146 arbitrari
1145 3112 1172 3146 se

98 3164 210 3232 gestellt.
439 3203 441 3207 .
662 3163 762 3214 diceret
780 3166 860 3214 edam
878 3163 950 3229 quod
973 3167 1030 3229 ipso
1047 3164 1171 3224 uidisset,-

132 3235 162 3280 t'n
180 3231 230 3281 talo·
248 3237 380 3297 tompore:
404 3247 435 3282 zu
453 3233 507 3300 lug.
526 3235 568 3296 66,
586 3235 609 3286 3.
629 3273 631 3282 .
662 3246 782 3296 quaeque
805 3234 892 3282 iurati
914 3231 1015 3282 indices
1034 3233 1171 3297 cognouis-

133 3301 234 3362 mogn'a:
254 3299 326 3362 diter,
345 3314 374 3350 so
385 3299 435 3350 wie
444 3300 506 3366 hier,
524 3300 610 3367 wenig
660 3305 727 3364 sant,
745 3316 776 3350 eo
794 3306 890 3350 nonnt
908 3298 1067 3364 ossofacto,
1084 3299 1173 3350 sedet

98 3382 149 3419 von
167 3369 259 3433 potins
276 3366 453 3427 verschieden;
473 3385 498 3420 u.
515 3383 538 3420 a.
556 3368 609 3434 lug.
661 3371 694 3418 oi
700 3367 719 3417 d
725 3371 778 3418 ort
794 3371 1013 3433 pronuntiarent.

99 3440 123 3501 4,
142 3438 169 3496 4;
189 3438 231 3501 66,
250 3437 274 3487 2.
693 3440 866 3501 potestatam:
892 3435 1000 3486 nimlich
1023 3435 1171 3485 indicandi.

133 3505 384 3570 negotiispn'oatia:
397 3502 611 3554 bezeichnethier
696 3508 719 3555 l.
738 3505 934 3554 machinatum:
957 3503 1021 3554 eben
1040 3517 1068 3554 so
1090 3503 1172 3568 passi·

99 3571 287 3633 vornelrmlich,
324 3585 400 3622 wenn
441 3570 505 3621 anch
540 3570 611 3622 nicht
661 3571 734 3624 visch
762 3571 827 3623 noch
858 3572 883 3622 in
908 3571 972 3621 zwei
997 3570 1173 3636 Fragmenten,

99 3639 318 3704 ausschliessllch,
348 3637 611 3705 Ilarlelinsgeschdlte.
662 3637 1172 3704 aberdortreinadjectivischgebrauoht,

100 3709 182 3761 Ueber
205 3710 318 3759 odnonit'
342 3708 392 3774 vgl.
418 3723 450 3758 zu
474 3709 547 3771 20,7
570 3706 612 3759 bei
663 3706 843 3759 ndmlichHist.
863 3704 980 3770 nuelli.
994 3722 1053 3756 com
1071 3708 1172 3758 maent-

98 3779 201 3842 grala'a.
662 3781 726 3825 nolo
736 3778 851 3838 strepitat
861 3779 1018 3838 tonitruum,
1036 3773 1088 3825 und
1096 3778 1120 3840 3,
1131 3778 1172 3828 38.

134 3842 286 3904 reseratur:
316 3843 426 3897 ndmlicli
453 3859 469 3894 α
496 3843 610 3894 consule.
662 3845 817 3893 machinata
835 3842 927 3904 fomes.

150 3936 241 3979 Sallust.
268 3939 287 3979 Ἰ.
299 3937 356 3979 And.
952 3931 967 3981 5
