2602 4358
161 157 201 217 64
525 160 552 213 C.
569 156 722 212 sallusti
739 157 841 212 calsel

131 343 146 392 2
162 331 270 392 Eadem
283 330 356 391 Galli
372 331 501 391 latentur
511 348 545 391 ac
552 329 710 392 Lentulum
722 329 955 391 dissimulantem
968 339 1133 409 coarguunt
1144 347 1231 408 prae·

162 427 207 477 ter
219 415 328 477 litteras
343 415 540 490 sermonibus,
557 433 632 494 quos
644 415 693 476 illc
708 414 816 476 habere
832 413 936 475 solitus
948 424 1024 476 erat:
1042 433 1077 475 ex
1089 414 1173 476 libris
1182 415 1232 477 si-

161 501 279 581 byllinis
295 519 420 580 regnum
434 500 544 561 Romae
559 499 653 561 tribus
669 498 812 561 Corneliis
828 499 979 578 portendi;
1004 499 1126 560 Cinnam
1142 508 1232 580 atquc

162 586 272 647 Sullam
288 595 382 661 antea,
398 605 430 647 se
445 586 564 647 tertium
580 603 654 660 esse,
671 585 825 646 collatum
841 585 917 644 loret
929 583 1011 644 urbis
1022 584 1110 664 potiri
1119 602 1128 659 ;
1144 603 1232 664 prae·

162 681 240 732 terea
255 670 290 731 ab
307 671 430 732 incenso
447 669 588 750 Capitolio
610 669 692 730 illum
714 688 779 730 esse
794 669 977 748 vigesumum
993 687 1120 744 annum,
1141 687 1231 748 quem

160 775 248 836 saepe
264 774 299 816 ex
313 755 456 835 prodigiis
470 755 643 834 haruspices
658 754 880 834 respondissent
893 753 969 815 bello
985 754 1061 815 civili
1073 763 1232 816 cruentum
1256 826 1264 833 ,

130 853 145 904 3
161 841 233 901 lore.
256 840 350 919 Igitur
365 840 503 920 perlectis
518 840 632 916 litteris,
651 858 719 901 cum
734 839 817 918 prius
833 857 936 900 omnes
951 839 1035 915 signa
1050 858 1103 900 sua
1118 858 1231 919 cogno·

65 994 68 1002 .
160 925 279 1000 sissent,
296 935 415 987 senatus
430 925 573 1000 decernit,
596 925 639 986 uti
654 925 786 985 abdicato
802 924 973 1002 magistratu
988 924 1132 986 Lentulus
1147 925 1231 986 item·

133 1023 147 1072 t
163 1028 220 1090 quo
236 1010 325 1071 ceteri
341 1011 372 1072 in
384 1010 484 1072 liberis
496 1009 639 1071 custodiis
652 1009 823 1071 habeantur.
840 1008 942 1089 ltaque
954 1008 1099 1070 Lentulus
1110 1008 1142 1070 P.
1152 1009 1231 1072 Len·

162 1096 223 1156 tulo
246 1095 415 1174 Spintheri,
441 1097 492 1175 qni
517 1103 581 1156 tum
607 1094 707 1156 aedilis
730 1103 807 1170 erat,
834 1093 980 1172 Cethegus
1005 1093 1039 1165 0.
1062 1091 1230 1172 Cornificio,

161 1179 292 1241 Statilius
309 1179 339 1240 C.
356 1180 488 1256 Caesari,
510 1179 652 1242 Gabinius
674 1178 712 1240 ll.
729 1178 848 1253 Crasso,
872 1178 1029 1258 Caeparius
1049 1213 1092 1223 —
1114 1197 1182 1240 nam
1206 1180 1231 1241 is

161 1264 249 1343 paulo
273 1275 341 1326 ante
364 1285 397 1326 ex
420 1267 487 1344 luga
508 1274 652 1327 retractus
668 1273 730 1326 erat
743 1297 785 1308 —
802 1263 854 1325 Cn.
870 1263 1010 1326 Terentio
1025 1264 1155 1328 senatori
1171 1273 1232 1326 tra·

160 1350 279 1411 duntur.

110 1438 147 1496 48
248 1435 362 1495 lnterea
382 1434 482 1514 plebes
505 1435 708 1496 coniuratione
730 1433 886 1514 patefacta,
909 1451 984 1512 quae
1005 1435 1101 1512 primo
1124 1434 1231 1514 cupida

163 1537 260 1580 rerum
277 1538 417 1580 novarum
434 1519 521 1581 nimis
535 1520 612 1582 bello
627 1518 748 1593 larebat,
763 1526 873 1580 mutata
888 1527 986 1579 mente
1002 1517 1142 1580 Catilinae
1158 1538 1231 1581 con·

161 1604 225 1665 silia
242 1605 406 1680 exsecrari,
429 1604 600 1666 Ciceronem
615 1604 651 1665 ad
666 1604 778 1666 caelum
794 1603 913 1664 tollere:
937 1604 1024 1665 veluti
1041 1623 1077 1665 ex
1091 1604 1232 1666 servitute

131 1698 146 1748 t
161 1699 260 1768 erepta
277 1689 415 1768 gaudium
430 1698 519 1769 atque
533 1690 671 1752 laetitiam
687 1687 819 1768 agitabat.
856 1686 988 1766 Namque
1003 1689 1058 1749 alia
1074 1689 1144 1750 belli
1158 1689 1232 1750 laci·

162 1792 234 1834 nora
250 1775 373 1854 praedae
389 1775 481 1852 magis
496 1793 584 1854 quarn
600 1775 775 1835 detrimento
792 1772 865 1848 lore,
888 1773 1058 1835 incendium
1074 1792 1141 1835 vero
1160 1792 1232 1836 cru-

161 1858 226 1919 dele
240 1859 455 1920 inmoderatum
470 1878 504 1920 ac
518 1859 574 1920 sibi
590 1877 723 1920 maxuma
739 1857 939 1919 calamitosum
960 1858 1095 1938 putabat,
1118 1858 1233 1940 quippe

161 1943 209 2003 cui
225 1961 328 2005 omnes
343 1944 446 2023 copiae
461 1945 492 2004 in
508 1964 565 2006 usn
581 1943 728 2005 cotidiano
745 1953 774 2004 et
790 1942 871 2003 cultu
887 1943 1021 2022 corporis
1037 1951 1129 2006 erant.

162 2075 192 2109 eo
211 2062 399 2110 coniuratione
417 2076 486 2122 esee,·
508 2063 577 2110 scire
601 2059 669 2112 steht
717 2062 801 2124 gione
819 2062 847 2108 in
872 2063 979 2125 privato
998 2060 1027 2111 Ρ.
1045 2058 1158 2112 Lentulo
1178 2077 1230 2127 pu·

164 2126 259 2177 andire
275 2127 383 2178 solitum
401 2127 557 2193 gegendber.
720 2127 818 2177 niendo
840 2127 1024 2180 liberor-emur.

195 2197 220 2246 2.
233 2195 323 2245 eodem
333 2194 471 2256 fetentur:
487 2195 668 2257 „dasselbeer
753 2198 783 2245 in
811 2195 854 2246 lib.
882 2196 1025 2246 custodiis:
1058 2192 1088 2247 ἐν
1120 2195 1231 2266 φυλακῇ

161 2263 210 2329 gab
229 2261 273 2314 das
292 2261 458 2314 Gestindnis“
478 2279 502 2313 u.
521 2278 541 2316 s.
561 2263 577 2316 l.
720 2257 839 2330 ἀδέσμῳ.

196 2329 324 2380 Cinnam:
353 2331 405 2382 vier
424 2329 501 2382 Jahre
525 2331 588 2383 nach
614 2332 667 2382 ein·
754 2335 779 2384 4.
798 2332 824 2384 Ρ.
840 2329 961 2382 Cornelio
981 2331 1055 2383 Leni.
1074 2331 1230 2397 Spintheri:

160 2397 249 2463 ander,
272 2414 323 2450 von
346 2402 394 2452 667
413 2400 467 2463 (87)
492 2414 539 2462 an,
562 2399 667 2461 Consnl;
719 2399 752 2451 Er
770 2397 860 2451 wirktc
877 2403 963 2466 spiter
982 2399 1019 2451 als
1030 2400 1163 2452 Consilii
1174 2401 1231 2465 (57)

159 2466 193 2516 im
212 2465 436 2518 letztenJahrvon
449 2467 668 2520 seinenSoldateu
721 2466 793 2534 eilrig
816 2466 855 2518 liar
876 2467 917 2519 die
940 2466 1167 2534 Zurirclsbernlung
1188 2467 1231 2520 Ci-

160 2535 292 2586 ermordet.
320 2534 668 2588 ZweiJahredaraulwurde
720 2551 792 2588 ceros
811 2535 931 2587 eusdem
950 2535 1013 2586 Exil.

160 2599 228 2653 Sulla
248 2605 363 2654 dictator·
379 2610 532 2671 perpetuus.
757 2603 917 2666 Cornificio:
951 2603 984 2654 Er
1003 2617 1055 2655 war
1078 2602 1119 2653 ein
1136 2601 1231 2656 blithe-

159 2674 245 2804 (83inc.
265 2670 413 2738 Capitolio:
440 2688 480 2724 am
505 2676 528 2725 6.
545 2671 598 2724 Juli
616 2676 664 2726 fill
720 2673 817 2724 werber
840 2672 941 2723 Ciceros
969 2687 1012 2722 um
1038 2669 1084 2722 das
1106 2669 1231 2723 Consolat

204 2744 222 2802 l.
737 2754 846 2791 ewesen.

193 2809 216 2860 3.
245 2824 304 2858 curn
326 2812 405 2873 prius
427 2814 476 2860 etc.
522 2807 573 2859 Cic.
598 2807 667 2858 hatte
718 2755 830 2858 gcenete:
858 2803 968 2857 nimllch
987 2821 1033 2856 vor
1056 2805 1101 2858 der
1118 2806 1231 2859 Auslirh·

159 2874 668 3007 titatiihlhil,hilllh
719 2889 783 2992 lli
801 2871 1063 2993 littlhiihh
1081 2873 1232 3011 iilis}

158 3011 192 3061 im
217 3008 311 3061 Verhdr
332 3007 438 3059 worden
464 3008 515 3071 sic,
545 3008 667 3060 naohdem
721 3008 791 3059 nicht
808 3007 953 3060 anwesend.

155 3077 229 3142 jeder
257 3077 302 3127 das
326 3075 411 3142 Siegel
435 3075 473 3126 als
500 3075 544 3127 das
571 3076 668 3143 seinige
759 3075 895 3126 Terentio:
923 3076 993 3127 nicht
1012 3076 1091 3129 nibet
1108 3076 1231 3130 belrannt.

160 3141 668 3204 anerlrannthatte‚durchZerschneiden
753 3141 798 3199 is.
827 3147 847 3196 l.
873 3147 942 3195 coni.
959 3145 1113 3209 patefacta:
1141 3145 1230 3199 Cicero

160 3212 204 3263 des
223 3211 310 3261 darum
329 3210 608 3277 gebnndenenl'adens
627 3212 668 3274 (li-
720 3211 782 3264 hielt
810 3212 875 3263 noch
905 3226 945 3262 am
974 3212 1064 3265 Abeud
1093 3212 1230 3268 desselben

160 3294 223 3329 nem
241 3278 369 3339 incidere)
389 3276 509 3345 gebllnet.
720 3283 744 3332 3.
770 3279 828 3331 Dec.
855 3279 937 3347 gleich
964 3281 1028 3332 nach
1055 3281 1100 3333 der
1125 3279 1230 3335 Senats·

193 3346 316 3397 abdicato
330 3349 511 3410 magistratu:
529 3360 574 3396 zur
585 3344 668 3398 Saobe
719 3347 820 3414 sitzung
838 3347 879 3399 die
897 3347 972 3400 dritte
990 3348 1059 3401 Reda
1077 3350 1167 3402 inCat
1185 3351 1232 3404 auf

160 3414 211 3467 und
230 3429 320 3481 wegen
338 3413 383 3465 der
400 3412 494 3464 andern
507 3411 604 3465 Constr.
615 3412 666 3467 Cic.
719 3415 776 3466 dem
795 3415 884 3467 Forum
904 3417 941 3467 ad
958 3416 1083 3481 Quirites,
1103 3419 1183 3469 worin
1202 3435 1230 3472 er

160 3484 185 3534 in
204 3483 257 3535 Cat.
276 3486 300 3547 3,
317 3486 342 3548 6,
363 3485 392 3535 15
410 3480 539 3532 Lentone
558 3519 564 3532 .
584 3521 590 3535 .
612 3498 667 3533 neo·
720 3483 783 3535 irber
806 3483 851 3537 das
869 3484 967 3537 Verhdr
990 3485 1040 3536 und
1064 3485 1105 3536 die
1122 3485 1228 3541 Sensis-

159 3555 278 3617 gielratu
300 3567 328 3601 se
354 3550 501 3615 abdicavit,
528 3553 573 3614 ut,
600 3566 668 3614 quae
719 3551 865 3606 beschlllsse
884 3553 1029 3605 berichtete.

115 3637 117 3641 ¹
158 3620 263 3684 religio·
278 3618 303 3671 C.
316 3619 426 3670 thordo.
446 3656 452 3669 .
472 3658 478 3670 .
497 3634 551 3669 non
569 3616 668 3684 fueret,
753 3624 777 3674 2.
795 3638 859 3672 uere:
877 3621 912 3672 im
925 3627 1060 3673 concreten
1072 3619 1159 3685 Sinne,
1177 3622 1229 3677 wie

161 3705 211 3752 quo
232 3691 318 3740 minus
338 3687 364 3739 C.
385 3687 537 3751 Glauciam,
566 3687 598 3737 ds
615 3704 666 3754 qno
719 3687 779 3741 Tac.
797 3691 837 3741 ab.
855 3704 909 3740 exc.
928 3687 952 3740 d.
971 3692 1000 3741 A.
1015 3692 1040 3750 4,
1059 3692 1092 3740 36
1111 3689 1229 3742 dandos·

160 3756 231 3805 nihil
254 3759 412 3807 nominatim
439 3761 498 3807 erat
525 3755 666 3823 decretum,
719 3773 769 3822 que
792 3761 863 3808 vitae
886 3773 949 3806 usne
968 3756 1001 3818 (d.
1019 3757 1036 3808 i.
1057 3756 1161 3808 dandae
1185 3776 1230 3811 res

159 3829 310 3889 praetorem
329 3825 474 3892 occideret,
493 3842 524 3876 ea
541 3840 589 3877 nos
605 3825 667 3877 reli·
719 3826 755 3876 ad
763 3824 1230 3905 eitememcinendamnecessariae),

153 4068 165 4119 l
