2602 4358
134 135 196 197 240
386 138 429 191 ux
446 140 473 191 G.
492 136 645 191 suttt'srt
664 136 766 191 tntsrt
786 134 863 191 tttsr.
881 136 909 189 t.
925 136 955 189 ll.

135 313 247 375 civibus
264 314 337 375 lama
353 324 382 375 et
397 312 525 374 lortunis
540 313 655 390 integer
670 328 748 389 agas,
763 311 792 371 tu
808 310 887 372 dono
899 311 985 373 (latur
996 322 1085 390 atque
1095 310 1208 391 aouipi·

104 408 119 459 t
135 409 192 463 tur.
217 398 360 461 Consules
376 416 431 460 uos
447 398 567 472 lecistis,
583 397 721 471 Quirites,
739 396 817 457 domi
832 394 961 477 bellique
973 396 1209 477 impeditissuma

134 504 167 547 re
186 484 313 566 publica.
349 482 483 563 Namque
505 483 696 563 imperatores
717 480 875 562 Hispaniae
897 481 1077 563 stipendium
1098 480 1209 544 milites

134 588 213 631 arma
228 570 410 630 frumentum
425 578 568 648 poscunt,
592 578 621 631 et
642 568 671 630 id
691 584 740 628 res
762 567 855 645 cogit,
877 568 1018 647 quoniam
1041 566 1209 629 delectione

134 656 284 717 sociorum
307 664 336 715 et
351 654 462 716 Sertori
484 672 538 734 per
552 654 663 715 montis
683 654 751 732 lupa
773 672 871 733 neque
891 670 980 715 manu
1001 661 1117 714 certare
1138 670 1209 732 pos·

105 751 119 799 't
136 750 207 802 sunt
222 758 319 819 neque
336 739 416 801 utilia
432 757 545 819 parare.
571 739 727 800 Exercitus
743 738 774 799 in
790 738 857 800 Asia
874 737 1032 817 Ciliciaque
1047 738 1085 799 ob
1101 738 1209 800 nimias

136 844 208 906 opes
223 825 397 887 Mithridatis
412 825 548 899 aluntur,
570 824 740 887 llaoerlonia
761 823 848 903 plena
869 823 999 885 hostium
1019 833 1065 886 est
1079 842 1138 884 noo
1152 823 1208 885 mi-

136 930 193 973 nus
216 910 314 972 ltaliae
336 911 490 972 marituma
513 921 544 972 et
563 908 798 989 prouinciarum,
828 927 895 971 oum
916 908 1033 971 interim
1055 908 1209 989 vectigalia

135 1014 221 1076 parra
237 1008 266 1057 et
280 996 366 1057 bellis
380 996 494 1057 incerta
504 995 552 1056 rix
562 1005 675 1074 partem
687 1002 860 1074 sumptuum
871 995 1034 1056 sustinent:
1051 994 1207 1069 leuasse,

106 1090 121 1141 8
135 1099 211 1159 quae
224 1089 404 1142 commeatus
417 1079 563 1156 tuebatur,
579 1082 694 1141 minore
709 1098 797 1159 quam
813 1090 898 1141 antea
914 1081 1093 1159 navigamus.
1128 1079 1210 1143 liaeo

136 1168 162 1227 si
176 1166 244 1227 tlolo
260 1176 311 1227 aut
325 1166 460 1227 socordia
483 1174 583 1227 nostra
598 1174 748 1226 contractu
763 1175 849 1240 sunt,
872 1165 965 1244 agite,
988 1176 1023 1226 ut
1035 1174 1140 1226 monet
1153 1165 1208 1242 ira,

136 1251 316 1331 supplicium
327 1252 449 1313 sumite:
465 1252 512 1313 sin
524 1253 642 1313 lortuna
654 1252 821 1313 eommunis
831 1251 966 1330 asperior
976 1261 1030 1326 est,
1045 1268 1104 1330 qua
1114 1270 1148 1313 re
1160 1250 1208 1312 iu·

105 1337 223 1414 oligua
238 1337 320 1397 vobis
336 1336 481 1416 nobisque
498 1347 526 1398 et
540 1355 573 1397 re
595 1336 712 1416 publiea
726 1333 878 1416 incipitis?
916 1339 1011 1415 Atque
1026 1354 1098 1415 ego,
1121 1336 1208 1398 ouius

136 1422 220 1483 aetati
237 1440 317 1482 mors
333 1422 456 1501 propior
471 1430 530 1495 est,
554 1440 614 1483 non
631 1422 790 1502 deprecor,
813 1421 837 1481 si
860 1421 930 1500 quill
947 1440 979 1482 ea
995 1421 1077 1482 vobis
1092 1421 1207 1483 inoom·

135 1507 215 1568 modi
232 1506 373 1568 demitur:
397 1526 493 1586 neque
509 1525 577 1567 mox
592 1507 713 1587 ingenio
729 1506 864 1586 eorporis
878 1505 1032 1567 honestius
1047 1524 1138 1587 quotu
1152 1524 1207 1587 pro

95 1604 121 1656 lo
136 1602 231 1653 vostra
253 1590 345 1653 salute
366 1593 455 1655 linem
479 1592 552 1654 ritae
572 1592 702 1653 leoerim.
740 1591 851 1653 Adsum
873 1611 910 1653 en
933 1590 963 1652 C.
980 1589 1063 1653 Cotta
1084 1590 1206 1667 oonsul3

135 1775 180 1827 des
198 1775 356 1839 Praedioats‚
380 1774 425 1827 (las
442 1779 500 1825 rino
517 1775 645 1828 dedamrs
696 1776 953 1827 montuosos-talibus
964 1778 1087 1841 gignere,
1106 1774 1205 1828 millet.

136 1858 216 1908 agore
239 1859 299 1893 eum
323 1845 424 1895 ciuibus
447 1843 499 1895 und
521 1842 596 1903 famu
620 1848 647 1894 sl
697 1847 720 1909 3,
741 1848 770 1897 Π
797 1847 943 1909 rostrisque
972 1844 1088 1895 eutelmio
1113 1858 1208 1910 progna

135 1910 255 1971 fortunis
276 1914 380 1977 integer
403 1912 571 1978 entspreolten
596 1911 645 1963 den
697 1918 785 1962 tamen
803 1915 911 1978 ingenio
931 1913 984 1963 loot'
998 1912 1208 1977 prohibuerim

136 1978 226 2031 beiden
237 1978 372 2046 folgenden
384 1980 449 2030 dore
467 1996 491 2034 u.
516 1984 645 2047 accipere.
696 1979 757 2033 l'ae.
775 1980 838 2032 illst.
858 1984 882 2045 o,
903 1984 935 2033 ll
959 1979 1074 2031 latitudo
1100 1994 1207 2046 eampo-

170 2050 194 2100 6.
211 2048 644 2113 utilia:=quuouruiauntoollo
697 2064 758 2099 rum
784 2054 877 2115 suopte
900 2051 1008 2114 ingenio
1034 2049 1206 2099 inomandum.

136 2115 197 2168 oder
214 2113 276 2167 lturz
295 2116 357 2167 tetta·
374 2132 450 2167 urum
471 2117 519 2168 wie
536 2117 589 2182 lug.
603 2118 645 2180 st,
697 2116 759 2168 ilem
781 2116 939 2168 nallirliohen
960 2114 1031 2168 'lude
1053 2115 1118 2168 vird
1141 2115 1208 2168 (lanu

137 2186 203 2236 3.-
221 2184 301 2235 utilia
319 2200 421 2250 parare
437 2185 506 2236 steht
523 2186 549 2236 in
560 2185 647 2252 Bezug
698 2185 743 2237 der
765 2184 804 2236 liu
828 2184 873 2238 das
898 2185 1050 2252 allgemeine
1068 2184 1145 2238 Beste
1168 2200 1207 2237 er-

137 2252 181 2303 aul
197 2251 291 2313 desset.
310 2256 458 2317 suetonum,
483 2252 529 2305 das
553 2252 647 2305 andere
696 2253 786 2305 littene
804 2251 860 2306 'lod
877 2253 1025 2321 gegeuiiber
1042 2252 1155 2320 gestellt

136 2335 219 2370 manu
237 2325 341 2371 uertat-e
358 2322 403 2385 (=
421 2324 567 2372 sommium
585 2336 647 2372 eou-
731 2337 817 2387 usqua
910 2320 1037 2383 feremur:
1063 2319 1209 2373 llasGanre

134 2387 229 2452 grean·
251 2389 303 2454 rgl.
327 2389 382 2455 lug.
401 2392 442 2454 tt,
461 2392 487 2454 l)
510 2390 556 2441 aul
578 2389 645 2441 Sora
697 2391 731 2442 ist
740 2406 769 2442 so
783 2406 815 2441 zu
824 2389 953 2442 erkliren:
972 2405 1057 2455 nsque
1071 2390 1209 2441 honestius

136 2472 185 2522 por
202 2460 300 2507 montis
316 2456 395 2522 fuga.
696 2460 764 2509 mitt
779 2459 902 2519 futurum
919 2462 956 2509 sit
972 2457 1210 2524 mooe(=idqttod

170 2527 195 2575 t.
221 2540 281 2575 oum
308 2529 416 2576 interim
439 2563 445 2577 .
465 2562 473 2577 .
497 2530 647 2589 sustinent,-

136 2592 217 2658 rergl.
236 2592 278 2644 Or.
296 2593 361 2645 Phil.
382 2598 425 2653 l'l;
443 2594 489 2660 Ep.
508 2594 597 2661 Pomp.
617 2597 646 2655 2;

136 2660 178 2712 Or.
192 2661 268 2712 lllaor.
287 2666 312 2715 6.
349 2662 397 2714 Der
413 2663 536 2714 ludicativ
554 2663 588 2715 ist
606 2678 645 2715 re·

136 2728 282 2795 gelmaissig.

170 2800 209 2847 itu
234 2834 267 2849 ..
289 2801 462 2862 nauigamus:
485 2824 519 2846 ι-
542 2802 581 2849 ita
605 2799 645 2865 fit,

136 2871 167 2915 ut
184 2901 216 2916 ..
244 2869 407 2931 nauigamus.
432 2894 467 2907 -
489 2868 572 2919 elusae
595 2871 645 2919 ete.

137 2931 256 2984 verktirzt
273 2947 320 2985 uus
330 2933 422 2999 elusae,
439 2950 646 3000 quaooommoa-

137 3006 181 3051 tur
207 3004 343 3067 tuebatur,
373 3005 515 3054 imminuta
543 3006 648 3055 minore

137 3085 209 3120 nuno
227 3085 307 3134 quum
324 3074 405 3122 uulua
423 3074 591 3137 nauigamus.

171 3140 196 3190 8.
214 3144 322 3189 nostra:
349 3139 384 3190 im
403 3140 561 3207 Gegensalze
578 3138 646 3193 daun

138 3209 284 3257 eommunis
293 3207 317 3258 d.
328 3208 344 3259 i.
356 3214 382 3258 st
393 3213 483 3259 vostra
502 3214 528 3258 ot
544 3215 646 3262 nostro.

138 3272 189 3325 Aul
204 3274 249 3327 der
267 3274 340 3327 einen
350 3275 419 3328 Seite
428 3275 469 3328 die
487 3276 647 3344 personlielre

138 3339 233 3395 Solruld
252 3343 298 3396 des
315 3343 460 3403 Einzelneu.
478 3345 525 3396 aul
539 3344 583 3396 der
602 3360 647 3397 nn·

137 3409 214 3464 deren
238 3410 284 3463 das
307 3427 358 3464 rou
382 3412 500 3465 niemaud
517 3413 647 3466 versohul·

137 3477 196 3531 (lete
214 3480 365 3546 allgemeine
383 3480 515 3535 Gesolriclt.

171 3551 196 3601 9.
224 3550 350 3618 inqenio:
376 3549 402 3600 in
429 3549 474 3600 der
496 3550 648 3617 Bedeutung

140 3616 296 3677 „nattlrliche
315 3616 533 3670 Besohallenheit“
553 3619 603 3671 wie
620 3618 647 3670 in

138 3685 202 3737 zuei
220 3685 388 3752 Fragmenten
406 3685 451 3738 des
461 3685 565 3754 Sallust,
583 3686 647 3739 llist.

140 3756 162 3815 1,
180 3755 210 3805 ot
224 3752 263 3804 ttr.
284 3757 305 3819 l,
324 3757 355 3807 67
374 3753 399 3806 lt.
410 3755 441 3807 A.
459 3756 527 3807 datus
544 3756 648 3806 insulas

138 3857 143 3869 .
163 3858 170 3871 .
189 3822 329 3873 constabat
350 3829 444 3890 suopte
468 3828 578 3890 ingenio
598 3824 647 3875 ali·

697 2542 761 2578 mom
778 2526 842 2589 fieri
858 2528 1019 2592 noemam)
1029 2528 1140 2591 iugenio
1151 2541 1210 2577 eor·

697 2599 773 2661 poris
790 2610 870 2660 quum
894 2610 967 2645 nune
982 2608 1034 2661 pro
1051 2600 1146 2645 vestm
1164 2610 1209 2645 sa·

698 2664 753 2714 luto
770 2662 931 2725 tinamot'tae
947 2663 1049 2726 foetare,
1066 2661 1130 2715 oder
1147 2666 1212 2716 suot

698 2728 877 2784 deslufinitivs
896 2731 959 2783 naolr
978 2730 1212 2786 deutscherweise

698 2804 722 2850 η’
739 2816 804 2851 mom
821 2803 877 2864 ing.
895 2815 968 2866 corp.
987 2815 1068 2864 quum
1085 2803 1111 2850 rt
1128 2839 1153 2853 ..
1171 2800 1211 2862 so·

698 2870 794 2931 eertum
812 2896 847 2907 -
864 2882 892 2920 es
915 2868 950 2919 ist
966 2866 1022 2920 also
1039 2867 1152 2929 hesrom
1169 2870 1210 2920 ein

699 2937 770 3001 Gonj.
794 2936 856 3002 peri.
879 2936 915 2987 im
941 2934 1100 3003 potentialen
1124 2937 1211 3001 Sinite,

699 3004 744 3057 dor
771 3004 831 3056 aber
858 3005 932 3056 einen
954 3003 1027 3069 (lonj.
1051 3004 1098 3059 lut.
1127 3006 1210 3058 exacti

697 3073 806 3125 vertritt.
833 3101 867 3111 -
894 3072 943 3125 ller
968 3072 1103 3126 Ausdruok
1129 3074 1211 3136 linem

699 3145 769 3192 ottus
787 3141 877 3201 faeere
894 3140 939 3192 hat
961 3140 1001 3193 lur
1018 3141 1093 3194 belde
1109 3140 1213 3195 (ilieder

698 3208 747 3260 (len
766 3207 969 3261 neutralenSinn
987 3209 1052 3271 „den
1070 3208 1128 3262 'l'otl
1147 3210 1211 3263 lin·

698 3278 776 3329 deu“
799 3278 861 3329 oder
885 3276 1025 3339 „uullrtiren
1047 3292 1078 3329 nn
1102 3276 1212 3339 leben‘3

701 3345 768 3397 deun
785 3346 852 3397 auolr
870 3346 904 3397 int
922 3345 1031 3397 zweiten
1048 3344 1141 3399 'l'lreile
1164 3346 1211 3400 des

698 3412 795 3479 Sotzes,
812 3430 863 3481 pro
873 3419 963 3465 vostro
978 3418 1037 3480 ete,
1053 3413 1211 3468 retlelllottn

699 3481 770 3535 nicht
779 3497 839 3534 vom
848 3480 1014 3548 sellularium,
1029 3480 1212 3536 sondernvom

699 3549 816 3603 Erleiden
833 3551 879 3603 des
896 3550 950 3602 iluu
966 3549 1143 3618 anqetlroltten
1160 3551 1211 3604 To·

699 3618 753 3685 des,
763 3620 789 3670 in
799 3619 886 3687 Bezug
894 3618 940 3671 aul
946 3618 992 3671 (lus
1002 3618 1212 3689 vorlrerqelreude

699 3703 754 3739 non
776 3687 904 3755 doprooor
927 3688 1075 3755 (morteto),
1098 3692 1124 3739 rt·
1145 3689 1212 3757 quid

700 3773 730 3807 ea
750 3757 827 3817 (milti
844 3773 860 3807 a
879 3760 952 3807 volis
969 3756 1060 3823 illato)
1076 3760 1152 3809 voi&
1170 3760 1210 3809 r'n·

700 3824 833 3877 oommotli
850 3825 975 3877 domitur.
