2602 4358
437 162 478 214 ou
496 161 576 215 com.
596 135 704 216 cmm
734 164 760 217 c.
778 168 820 216 51.
1131 163 1168 224 72

95 335 190 397 litaria
205 335 240 396 ab
257 335 448 409 Samnitibus,
472 335 600 414 insignia
616 335 840 414 magistratuum
855 335 891 396 ab
906 335 1012 397 Tuscis
1027 335 1168 416 pleraque

95 430 303 499 sumpserunt;
326 428 476 501 postremo
493 420 571 498 quod
595 420 705 499 ubique
724 421 802 500 apud
818 421 915 482 socios
930 430 980 482 aut
995 423 1089 483 hostis
1104 423 1167 484 ido·

96 524 186 568 neum
197 505 357 580 videbatur,
374 525 441 566 cum
458 524 573 565 summo
586 506 683 566 studio
696 506 775 565 domi
791 505 1044 584 exsequebantur:
1061 508 1168 569 imitari

95 610 183 672 quam
199 591 329 652 invidere
343 590 430 651 bonis
444 590 600 651 malebant.
624 591 682 651 Sed
697 592 800 651 eodem
815 591 865 651 illo
880 599 1014 671 tempore
1030 591 1167 654 Graeciae
1182 604 1216 656 32

96 695 210 738 morem
226 676 328 736 imitati
344 675 515 737 verberibus
530 675 800 737 animadvortebant
821 677 851 736 in
869 677 953 752 civis,
976 677 1012 738 de
1028 679 1167 738 condem-

95 762 172 824 natis
188 779 335 823 summum
352 761 531 840 supplicium
543 760 707 822 sumebant.
730 761 890 840 Postquam
906 780 953 822 res
969 762 1086 841 publica
1098 764 1168 824 ado·
1182 776 1214 826 40

95 848 164 909 levit
179 855 209 907 et
223 846 411 907 multitudine
426 846 531 906 civium
548 846 690 907 sactiones
705 847 837 921 valuere,
860 847 1066 909 circumveniri
1081 850 1169 910 inno-

97 940 215 1005 centes,
236 932 290 992 alia
306 932 431 993 huiusce
446 932 526 992 modi
541 933 604 993 fieri
620 951 762 1011 coepere,
777 940 842 993 tum
856 932 903 992 lex
917 933 1021 994 Porcia
1037 934 1169 1013 aliaeque

96 1020 177 1095 leges
191 1025 308 1096 paratae
323 1028 411 1092 sunt,
433 1017 542 1096 quibus
563 1017 679 1097 legibus
695 1018 813 1078 exilium
832 1018 976 1079 damnatis
991 1019 1169 1097 permissum

97 1111 149 1164 est.
180 1102 263 1164 Hanc
279 1120 333 1181 ego
350 1121 477 1176 causam,
494 1112 592 1182 patres
604 1103 776 1181 conscripti,
793 1105 963 1184 quominus
976 1123 1168 1166 novumcon-
1183 1116 1212 1165 42

96 1188 194 1249 silium
210 1188 369 1268 capiamus,
386 1189 416 1248 in
439 1189 543 1267 primis
558 1205 694 1266 magnam
709 1198 792 1268 puto.
822 1189 958 1250 Profecto
976 1190 1067 1250 virtus
1082 1199 1170 1270 atque
1184 1199 1215 1250 42

96 1273 240 1352 sapientia
255 1273 348 1333 maior
359 1274 389 1334 in
406 1274 464 1335 illis
479 1274 551 1349 suit,
575 1274 626 1353 qui
649 1293 684 1334 ex
706 1275 802 1353 parvis
821 1274 928 1354 opibus
943 1283 1057 1336 tantum
1073 1276 1169 1355 impe-

97 1359 174 1419 rium
190 1359 301 1430 fecere,
325 1377 413 1436 quam
428 1359 459 1419 in
475 1359 576 1433 nobis,
598 1359 649 1438 qui
672 1377 706 1420 ea
726 1359 802 1436 bene
824 1368 907 1438 parta
927 1360 974 1420 vix
996 1361 1168 1421 retinemus.

96 1444 196 1504 Placet
210 1444 301 1521 igitur
316 1461 366 1504 eos
381 1444 486 1504 dimitti
503 1453 531 1505 et
545 1445 648 1522 augeri
663 1444 824 1504 exercitum
840 1442 1002 1506 Catilinae?
1021 1446 1167 1519 Minume3
1183 1457 1214 1508 43

98 1529 204 1590 sedita
222 1547 346 1589 censeo:
370 1529 563 1607 publicandas
584 1547 687 1589 eorum
709 1529 867 1607 pecunias,
890 1529 971 1607 ipsos
993 1531 1024 1590 in
1045 1530 1171 1590 vinculis

100 1613 251 1674 habendos
267 1631 321 1692 per
336 1613 514 1693 municipia,
537 1632 612 1692 quae
627 1632 761 1674 maxuma
778 1613 884 1693 opibus
898 1614 1010 1688 valent3
1030 1634 1089 1675 neu
1105 1615 1172 1694 quis

98 1728 216 1781 lassende
256 1730 364 1795 Angcbe
402 1730 609 1794 einigermassem
661 1729 904 1794 Nationeleitelheit‚
922 1729 1021 1781 welche
1040 1730 1087 1781 den
1108 1730 1173 1781 Leu-

98 1797 270 1916 lellglelllhh
282 1797 386 1916 {irtdie
405 1797 608 1918 lpldlligcilthifito·
660 1797 936 1916 tenhtgerplteipredetlp,
954 1798 1116 1864 dergleichen
1135 1799 1172 1850 sei

98 1881 181 1917 risco
240 1880 324 1917 arei
354 1881 402 1916 wo
456 1881 496 1917 mc
570 1882 609 1917 m·
660 1881 700 1916 me
743 1881 774 1917 ec
813 1881 931 1918 romisc.

98 1933 219 1999 ldnglich.
262 1934 308 1985 Die
338 1934 431 1985 Romer
461 1935 608 1986 entlehoten
694 1936 736 1985 40.
760 1936 856 1999 quibus
880 1936 997 1999 legibus:
1024 1935 1080 1985 eine
1105 1936 1171 1986 auch

98 2017 149 2053 von
168 2001 217 2053 den
235 2001 363 2053 Samnitcn
388 2001 434 2054 das
458 2019 523 2052 veru
548 2002 610 2054 oder
661 2006 734 2054 sonst
767 2001 818 2053 und
845 2002 983 2054 besonders
1014 2003 1039 2053 in
1067 2004 1170 2055 Caesare

99 2075 222 2120 verutum
248 2069 300 2121 und
323 2070 453 2122 vielleicht
475 2071 540 2122 auch
564 2071 610 2123 das
661 2071 769 2136 eigenen
783 2069 909 2122 Schriften
924 2070 1171 2122 oltvorlrommende

97 2145 211 2189 ceolum.
246 2138 343 2204 Wegen
375 2141 407 2188 ob
441 2138 533 2189 Tuscis
556 2139 610 2206 vgl.
660 2138 788 2204 lldulung,
806 2139 859 2190 hier
877 2139 957 2191 durch
974 2138 1112 2190 dcsGebot
1127 2138 1172 2190 der

98 2206 151 2258 Liv.
164 2210 186 2270 1,
196 2209 220 2271 9,
231 2209 245 2258 3
255 2222 296 2256 me
305 2207 380 2256 daed
388 2211 507 2272 poenitet
519 2224 610 2258 eorum
661 2206 832 2259 Deutlichlreit
856 2207 998 2274 gelordert‚
1027 2206 1106 2258 demit
1131 2207 1172 2258 die

99 2278 245 2325 sentcntiae
264 2291 325 2337 ecce,
345 2277 440 2339 quibus
458 2282 483 2324 et
501 2279 611 2340 apperi-
662 2275 808 2341 Reziehung
818 2275 863 2327 des
870 2275 1094 2327 Nebensutzesuui
1101 2276 1172 2326 alico

100 2349 170 2392 tores
189 2343 233 2406 [et]
252 2344 302 2394 doe
322 2359 409 2407 genus
433 2344 552 2404 (namlich
571 2343 611 2395 die
663 2345 733 2409 leges
751 2343 904 2395 beschrdnht
923 2343 1012 2396 bleibe.
1047 2343 1105 2410 Vgl.
1120 2344 1171 2394 Cic.

99 2409 225 2473 Lictoren)
244 2412 276 2460 ab
289 2410 412 2461 Etruscis
420 2411 551 2476 finiminis,
560 2428 609 2462 uo·
662 2428 688 2479 p.
703 2412 761 2463 Sex.
778 2412 853 2464 Rosc.
868 2416 908 2476 10,
921 2415 954 2465 28
973 2413 1113 2462 eonsilium
1132 2429 1171 2462 ee·

100 2479 133 2528 ele
150 2477 216 2527 rollo
235 2478 345 2542 caerulis,
363 2479 435 2528 unde
448 2483 512 2543 toga
528 2496 610 2545 prae·
660 2485 777 2544 perurit.
790 2487 854 2531 ..tet
867 2496 963 2530 nomon
975 2481 1055 2530 huius
1068 2480 1100 2529 de
1107 2496 1171 2546 por·

100 2552 175 2597 teccta
201 2551 307 2611 surnpta
334 2551 386 2609 est,
417 2552 442 2595 et
471 2562 610 2597 nnmerum
662 2547 760 2597 rictdio
779 2547 924 2611 deferrent,
942 2554 972 2597 ul
990 2548 1027 2597 ad
1040 2563 1098 2597 eom
1115 2563 1171 2597 rem

99 2629 205 2679 quoque
222 2617 310 2678 ipsum
329 2613 438 2664 ductum
452 2615 550 2680 placet.
662 2614 779 2678 aliquem
789 2621 971 2666 accusatorem
980 2621 1093 2665 celerem
1103 2631 1171 2665 com·

136 2684 178 2734 39.
205 2680 296 2732 Graec.
323 2697 390 2733 mor.
420 2685 534 2732 imitati:
565 2681 611 2733 uie
660 2689 801 2748 pararent,
820 2687 867 2747 qui
885 2683 916 2733 de
934 2699 1008 2733 earo
1024 2689 1113 2748 posset
1131 2683 1171 2733 di-

100 2749 270 2816 Anwendung
297 2749 341 2801 der
367 2748 476 2816 Schliige
506 2762 560 2800 war
584 2751 610 2801 in
663 2766 722 2800 cere
731 2751 843 2814 aliquid,
856 2754 885 2800 in
901 2767 954 2817 qua
969 2768 999 2801 re
1016 2751 1092 2801 nulla
1110 2753 1171 2802 sub·

101 2818 165 2869 Rom
184 2818 250 2869 uralt
272 2817 324 2869 und
346 2818 433 2870 weder
457 2818 526 2870 diese
545 2818 610 2870 noch
659 2825 729 2868 esset
752 2822 877 2885 sucpieio.
913 2819 962 2870 Der
978 2819 1059 2871 Seche
1080 2833 1171 2887 wegeu

99 2887 141 2938 die
174 2885 335 2938 'l'odesstrale
372 2888 475 2950 (summ.
511 2887 610 2953 suppl.)
662 2903 692 2938 zu
711 2886 727 2952 ξ
746 2889 785 2938 22.

101 2956 220 3006 stammte
244 2969 289 3006 aus
311 2954 506 3019 Grieehenlaud‚
531 2955 610 3007 durch
696 2954 1172 3020 41.quominuc.·eaesambedeutete

102 3022 194 3074 descen
212 3023 323 3074 Einduss
343 3023 487 3091 riberhuupt
505 3023 551 3075 das
569 3026 610 3074 ro·
662 3024 736 3075 einen
755 3023 1052 3091 Verbinderungsgrund.

101 3090 198 3142 mische
215 3090 416 3143 Stralverlahren
440 3092 500 3143 eher
521 3092 610 3159 gemil-
694 3094 736 3144 42.
755 3107 786 3142 eo
808 3092 954 3144 bezeichnet
976 3092 1017 3144 die
1041 3092 1171 3145 einzelnen

98 3159 157 3210 dect
167 3159 204 3210 als
215 3159 355 3211 versehdrit
362 3159 465 3211 worden
476 3161 517 3212 ist.
535 3160 610 3212 Diese
660 3160 750 3226 Dioge,
766 3160 793 3212 in
811 3160 892 3212 denen
911 3161 957 3212 das
974 3164 1115 3227 imperium
1128 3176 1173 3210 zur

102 3226 201 3277 Stralen
214 3228 274 3276 aber
286 3242 372 3278 waren
389 3228 415 3279 in
427 3228 495 3280 ihrer
512 3244 609 3295 ganzen
660 3228 835 3296 Erscheinung
852 3229 964 3296 lrommt3
982 3229 1034 3295 ugl.
1048 3244 1079 3280 zu
1089 3231 1130 3293 52,
1141 3231 1172 3279 10

103 3294 168 3345 nach
186 3293 235 3345 den
254 3293 379 3360 Begriilen
398 3298 512 3362 sp'dterer
523 3297 611 3349 Zeiten
662 3299 735 3349 hooc.

102 3361 285 3414 abstossendeo
310 3362 416 3429 Strenge
440 3366 465 3415 in
491 3365 540 3416 den
566 3365 611 3417 llll
696 3363 1100 3431 peecniossnichtblos„Geld“.
1117 3363 1173 3412 Von

103 3430 194 3483 Taleln
211 3428 336 3481 codificirt
352 3431 468 3491 worden;
488 3433 547 3484 weil
560 3449 611 3484 nun
662 3433 808 3485 demselben
826 3432 912 3484 Punht
929 3436 988 3498 segt
1005 3431 1055 3482 Gic.
1075 3431 1100 3480 in
1120 3430 1173 3480 Get.

101 3498 173 3551 diese
190 3514 240 3549 von
257 3498 383 3564 gewissen
399 3500 541 3552 romischen
552 3502 611 3552 For·
662 3505 688 3553 l.
707 3505 731 3565 5,
752 3505 782 3554 10
806 3501 933 3566 adiungit
949 3499 1069 3563 (Caesar)
1093 3501 1173 3548 elium

101 3568 193 3620 schem
211 3567 292 3619 selbst
315 3566 361 3618 auf
379 3566 535 3633 griechische
552 3569 611 3620 Ein-
662 3571 870 3636 publicationem
889 3571 1025 3619 donorum.

103 3636 181 3688 lliisse
207 3633 405 3702 zuruehgehihrt
432 3635 550 3699 worden,
583 3653 611 3688 so
697 3654 747 3704 per
766 3639 929 3701 municipia.-
953 3636 1003 3686 Cic.
1027 3634 1054 3685 in
1077 3634 1174 3699 (12124,

104 3704 189 3770 gallen
211 3705 273 3768 Jene
296 3702 458 3770 folgeriehtig
484 3703 548 3755 auch
575 3704 612 3756 uls
663 3709 687 3767 l,
711 3709 724 3756 'l
749 3707 903 3770 mrtntoipiis
926 3704 1065 3769 dispertiri
1087 3705 1174 3766 iudet,-

104 3772 288 3839 Nachahmung
311 3772 356 3824 der
373 3771 505 3824 Griechen.
539 3771 613 3824 Diese
664 3772 715 3823 und
742 3771 833 3824 ebend.
859 3772 874 3836 ξ
897 3775 920 3837 8,
948 3786 1002 3822 was
1030 3770 1090 3823 Sall.
1117 3787 1174 3822 ver-

103 3840 417 3892 Ansichtsschmeichelle
447 3839 537 3891 rudem
568 3840 613 3892 der
664 3839 803 3906 schweigt‚
831 3840 956 3905 adiungit
977 3855 1089 3904 paoem
1113 3856 1175 3906 poe·
