<?xml version="1.0" encoding="UTF-8"?>
<!DOCTYPE html PUBLIC "-//W3C//DTD XHTML 1.0 Transitional//EN"
    "http://www.w3.org/TR/xhtml1/DTD/xhtml1-transitional.dtd">
<html xmlns="http://www.w3.org/1999/xhtml" xml:lang="en" lang="en">
 <head>
  <title>
</title>
<meta http-equiv="Content-Type" content="text/html;charset=utf-8" />
  <meta name='ocr-system' content='tesseract 3.04.00' />
  <meta name='ocr-capabilities' content='ocr_page ocr_carea ocr_par ocr_line ocrx_word'/>
</head>
<body>
  <div class='ocr_page' id='page_1' title='image "./deconiurationec01sallgoog_0184.png"; bbox 0 0 2602 4358; ppageno 0'>
   <div class='ocr_carea' id='block_1_1' title="bbox 353 113 1150 192">
    <p class='ocr_par' dir='ltr' id='par_1_1' title="bbox 353 113 1150 192">
     <span class='ocr_line' id='line_1_1' title="bbox 353 113 1150 192; baseline 0.01 -10"><span class='ocrx_word' id='word_1_1' title='bbox 353 131 393 183; x_wconf 84' lang='lat' dir='ltr'>na</span> <span class='ocrx_word' id='word_1_2' title='bbox 413 131 512 185; x_wconf 83' lang='grc'><strong>77777</strong></span> <span class='ocrx_word' id='word_1_3' title='bbox 530 131 682 187; x_wconf 84' lang='grc'><strong>77777777.</strong></span> <span class='ocrx_word' id='word_1_4' title='bbox 719 133 746 184; x_wconf 83' lang='grc'>7.</span> <span class='ocrx_word' id='word_1_5' title='bbox 765 113 889 185; x_wconf 75' lang='grc'><strong>77-77.’</strong></span> <span class='ocrx_word' id='word_1_6' title='bbox 1091 130 1150 192; x_wconf 81' lang='grc'>175</span> 
     </span>
    </p>
   </div>
   <div class='ocr_carea' id='block_1_2' title="bbox 78 294 1225 2172">
    <p class='ocr_par' dir='ltr' id='par_1_2' title="bbox 78 294 1225 2086">
     <span class='ocr_line' id='line_1_2' title="bbox 80 294 1181 384; baseline 0.004 -20"><span class='ocrx_word' id='word_1_7' title='bbox 80 305 178 367; x_wconf 88' lang='lat' dir='ltr'>tutari.</span> <span class='ocrx_word' id='word_1_8' title='bbox 203 304 312 367; x_wconf 82' lang='lat' dir='ltr'>Contra</span> <span class='ocrx_word' id='word_1_9' title='bbox 327 304 399 365; x_wconf 90' lang='lat' dir='ltr'>haec</span> <span class='ocrx_word' id='word_1_10' title='bbox 415 304 553 383; x_wconf 80' lang='lat' dir='ltr'>oppidani</span> <span class='ocrx_word' id='word_1_11' title='bbox 574 294 713 367; x_wconf 80' lang='lat' dir='ltr'>festinare</span> <span class='ocrx_word' id='word_1_12' title='bbox 729 323 848 384; x_wconf 88' lang='lat' dir='ltr'>parare:</span> <span class='ocrx_word' id='word_1_13' title='bbox 872 324 996 384; x_wconf 90' lang='lat' dir='ltr'>prorsus</span> <span class='ocrx_word' id='word_1_14' title='bbox 1011 307 1046 367; x_wconf 89' lang='lat' dir='ltr'>ah</span> <span class='ocrx_word' id='word_1_15' title='bbox 1063 306 1151 368; x_wconf 88' lang='lat' dir='ltr'>utris·</span> <span class='ocrx_word' id='word_1_16' title='bbox 1165 318 1181 368; x_wconf 83' lang='lat'>4</span> 
     </span>
     <span class='ocr_line' id='line_1_3' title="bbox 81 387 1181 469; baseline 0.001 -17"><span class='ocrx_word' id='word_1_17' title='bbox 81 409 138 469; x_wconf 92' lang='lat' dir='ltr'>que</span> <span class='ocrx_word' id='word_1_18' title='bbox 158 390 230 451; x_wconf 92' lang='lat' dir='ltr'>nihil</span> <span class='ocrx_word' id='word_1_19' title='bbox 252 390 399 469; x_wconf 90' lang='lat' dir='ltr'>reliquum</span> <span class='ocrx_word' id='word_1_20' title='bbox 421 387 495 450; x_wconf 86' lang='lat' dir='ltr'>lieri.</span> <span class='ocrx_word' id='word_1_21' title='bbox 533 389 667 468; x_wconf 84' lang='lat' dir='ltr'>Denique</span> <span class='ocrx_word' id='word_1_22' title='bbox 688 390 827 465; x_wconf 86' lang='lat' dir='ltr'>Romani,</span> <span class='ocrx_word' id='word_1_23' title='bbox 850 391 942 452; x_wconf 89' lang='lat' dir='ltr'>multo</span> <span class='ocrx_word' id='word_1_24' title='bbox 964 400 1032 452; x_wconf 88' lang='lat' dir='ltr'>ante</span> <span class='ocrx_word' id='word_1_25' title='bbox 1052 391 1181 453; x_wconf 75' lang='lat' dir='ltr'>laboret</span> 
     </span>
     <span class='ocr_line' id='line_1_4' title="bbox 80 474 1153 554; baseline 0.002 -18"><span class='ocrx_word' id='word_1_26' title='bbox 80 476 260 554; x_wconf 91' lang='lat' dir='ltr'>proeliisque</span> <span class='ocrx_word' id='word_1_27' title='bbox 276 474 403 553; x_wconf 81' lang='lat' dir='ltr'>fatigati,</span> <span class='ocrx_word' id='word_1_28' title='bbox 426 483 493 554; x_wconf 91' lang='lat' dir='ltr'>post</span> <span class='ocrx_word' id='word_1_29' title='bbox 516 474 578 536; x_wconf 90' lang='lat' dir='ltr'>dies</span> <span class='ocrx_word' id='word_1_30' title='bbox 593 476 785 553; x_wconf 86' lang='lat' dir='ltr'>quadraginta</span> <span class='ocrx_word' id='word_1_31' title='bbox 802 495 889 554; x_wconf 92' lang='lat' dir='ltr'>quam</span> <span class='ocrx_word' id='word_1_32' title='bbox 905 495 940 536; x_wconf 90' lang='lat' dir='ltr'>eo</span> <span class='ocrx_word' id='word_1_33' title='bbox 956 485 1075 538; x_wconf 89' lang='lat' dir='ltr'>ventum</span> <span class='ocrx_word' id='word_1_34' title='bbox 1092 487 1153 540; x_wconf 88' lang='lat' dir='ltr'>erat</span> 
     </span>
     <span class='ocr_line' id='line_1_5' title="bbox 80 560 1181 641; baseline -0.001 -18"><span class='ocrx_word' id='word_1_35' title='bbox 80 561 188 641; x_wconf 91' lang='lat' dir='ltr'>oppido</span> <span class='ocrx_word' id='word_1_36' title='bbox 212 561 300 624; x_wconf 88' lang='lat' dir='ltr'>modo</span> <span class='ocrx_word' id='word_1_37' title='bbox 313 560 412 640; x_wconf 91' lang='lat' dir='ltr'>potiti;</span> <span class='ocrx_word' id='word_1_38' title='bbox 429 560 534 638; x_wconf 91' lang='lat' dir='ltr'>praeda</span> <span class='ocrx_word' id='word_1_39' title='bbox 547 560 644 621; x_wconf 91' lang='lat' dir='ltr'>omnis</span> <span class='ocrx_word' id='word_1_40' title='bbox 657 560 691 620; x_wconf 89' lang='lat' dir='ltr'>ab</span> <span class='ocrx_word' id='word_1_41' title='bbox 704 560 837 640; x_wconf 85' lang='lat' dir='ltr'>perfugis</span> <span class='ocrx_word' id='word_1_42' title='bbox 849 569 998 640; x_wconf 87' lang='lat' dir='ltr'>corrupta.</span> <span class='ocrx_word' id='word_1_43' title='bbox 1024 562 1056 622; x_wconf 87' lang='lat' dir='ltr'>Ei</span> <span class='ocrx_word' id='word_1_44' title='bbox 1071 570 1152 640; x_wconf 90' lang='lat' dir='ltr'>post·</span> <span class='ocrx_word' id='word_1_45' title='bbox 1166 571 1181 622; x_wconf 85' lang='lat'><strong>6</strong></span> 
     </span>
     <span class='ocr_line' id='line_1_6' title="bbox 79 644 1150 727; baseline 0 -19"><span class='ocrx_word' id='word_1_46' title='bbox 79 665 167 727; x_wconf 89' lang='lat' dir='ltr'>quam</span> <span class='ocrx_word' id='word_1_47' title='bbox 182 664 300 708; x_wconf 91' lang='lat' dir='ltr'>murum</span> <span class='ocrx_word' id='word_1_48' title='bbox 314 644 456 709; x_wconf 89' lang='lat' dir='ltr'>arietibus</span> <span class='ocrx_word' id='word_1_49' title='bbox 471 644 553 705; x_wconf 82' lang='lat' dir='ltr'>feriri</span> <span class='ocrx_word' id='word_1_50' title='bbox 569 663 677 725; x_wconf 91' lang='lat' dir='ltr'>resque</span> <span class='ocrx_word' id='word_1_51' title='bbox 692 663 760 708; x_wconf 90' lang='lat' dir='ltr'>suas</span> <span class='ocrx_word' id='word_1_52' title='bbox 775 646 907 708; x_wconf 84' lang='lat' dir='ltr'>adflictas</span> <span class='ocrx_word' id='word_1_53' title='bbox 920 646 1029 724; x_wconf 80' lang='lat' dir='ltr'>vident,</span> <span class='ocrx_word' id='word_1_54' title='bbox 1046 665 1150 709; x_wconf 88' lang='lat' dir='ltr'>aurum</span> 
     </span>
     <span class='ocr_line' id='line_1_7' title="bbox 78 729 1152 812; baseline -0.001 -19"><span class='ocrx_word' id='word_1_55' title='bbox 78 741 166 810; x_wconf 89' lang='lat' dir='ltr'>atque</span> <span class='ocrx_word' id='word_1_56' title='bbox 182 739 336 810; x_wconf 90' lang='lat' dir='ltr'>argentum</span> <span class='ocrx_word' id='word_1_57' title='bbox 359 739 387 791; x_wconf 92' lang='lat' dir='ltr'>et</span> <span class='ocrx_word' id='word_1_58' title='bbox 401 729 472 805; x_wconf 91' lang='lat' dir='ltr'>alia,</span> <span class='ocrx_word' id='word_1_59' title='bbox 496 748 571 808; x_wconf 91' lang='lat' dir='ltr'>quae</span> <span class='ocrx_word' id='word_1_60' title='bbox 593 733 686 810; x_wconf 88' lang='lat' dir='ltr'>prima</span> <span class='ocrx_word' id='word_1_61' title='bbox 709 731 875 807; x_wconf 89' lang='lat' dir='ltr'>ducuntur,</span> <span class='ocrx_word' id='word_1_62' title='bbox 898 732 1017 794; x_wconf 91' lang='lat' dir='ltr'>domum</span> <span class='ocrx_word' id='word_1_63' title='bbox 1042 734 1152 812; x_wconf 88' lang='lat' dir='ltr'>regiam</span> 
     </span>
     <span class='ocr_line' id='line_1_8' title="bbox 80 815 1225 899; baseline 0 -21"><span class='ocrx_word' id='word_1_64' title='bbox 80 823 280 897; x_wconf 89' lang='lat' dir='ltr'>comportant;</span> <span class='ocrx_word' id='word_1_65' title='bbox 297 815 338 876; x_wconf 92' lang='lat' dir='ltr'>ibi</span> <span class='ocrx_word' id='word_1_66' title='bbox 352 815 420 876; x_wconf 88' lang='lat' dir='ltr'>vino</span> <span class='ocrx_word' id='word_1_67' title='bbox 437 822 465 875; x_wconf 92' lang='lat' dir='ltr'>et</span> <span class='ocrx_word' id='word_1_68' title='bbox 481 816 577 894; x_wconf 92' lang='lat' dir='ltr'>epulis</span> <span class='ocrx_word' id='word_1_69' title='bbox 593 815 705 899; x_wconf 83' lang='lat' dir='ltr'>onerati</span> <span class='ocrx_word' id='word_1_70' title='bbox 721 815 828 894; x_wconf 86' lang='lat' dir='ltr'>illaque</span> <span class='ocrx_word' id='word_1_71' title='bbox 843 825 872 878; x_wconf 91' lang='lat' dir='ltr'>et</span> <span class='ocrx_word' id='word_1_72' title='bbox 887 816 1007 877; x_wconf 90' lang='lat' dir='ltr'>domum</span> <span class='ocrx_word' id='word_1_73' title='bbox 1020 825 1049 878; x_wconf 90' lang='lat' dir='ltr'>et</span> <span class='ocrx_word' id='word_1_74' title='bbox 1060 825 1153 880; x_wconf 89' lang='lat' dir='ltr'>semet</span> <span class='ocrx_word' id='word_1_75' title='bbox 1219 872 1225 886; x_wconf 84' lang='lat'>,</span> 
     </span>
     <span class='ocr_line' id='line_1_9' title="bbox 78 900 1152 981; baseline 0.002 -18"><span class='ocrx_word' id='word_1_76' title='bbox 78 902 139 981; x_wconf 84' lang='lat' dir='ltr'>igni</span> <span class='ocrx_word' id='word_1_77' title='bbox 157 908 353 980; x_wconf 89' lang='lat' dir='ltr'>corrumpunt</span> <span class='ocrx_word' id='word_1_78' title='bbox 368 909 405 974; x_wconf 90' lang='lat' dir='ltr'>et,</span> <span class='ocrx_word' id='word_1_79' title='bbox 423 919 496 980; x_wconf 91' lang='lat' dir='ltr'>quas</span> <span class='ocrx_word' id='word_1_80' title='bbox 507 901 575 962; x_wconf 85' lang='lat' dir='ltr'>victi</span> <span class='ocrx_word' id='word_1_81' title='bbox 586 900 623 962; x_wconf 89' lang='lat' dir='ltr'>ab</span> <span class='ocrx_word' id='word_1_82' title='bbox 633 900 768 962; x_wconf 82' lang='lat' dir='ltr'>hostibus</span> <span class='ocrx_word' id='word_1_83' title='bbox 783 920 895 981; x_wconf 87' lang='lat' dir='ltr'>poenas</span> <span class='ocrx_word' id='word_1_84' title='bbox 910 912 1087 978; x_wconf 89' lang='lat' dir='ltr'>metuerant,</span> <span class='ocrx_word' id='word_1_85' title='bbox 1103 922 1152 966; x_wconf 85' lang='lat' dir='ltr'>eas</span> 
     </span>
     <span class='ocr_line' id='line_1_10' title="bbox 78 985 988 1067; baseline -0.005 -19"><span class='ocrx_word' id='word_1_86' title='bbox 78 987 136 1067; x_wconf 91' lang='lat' dir='ltr'>ipsi</span> <span class='ocrx_word' id='word_1_87' title='bbox 151 987 281 1049; x_wconf 84' lang='lat' dir='ltr'>volentes</span> <span class='ocrx_word' id='word_1_88' title='bbox 295 985 473 1065; x_wconf 80' lang='lat' dir='ltr'>pependere.</span> <span class='ocrx_word' id='word_1_89' title='bbox 985 1018 988 1024; x_wconf 61' lang='lat'>&lt;</span> 
     </span>
     <span class='ocr_line' id='line_1_11' title="bbox 87 1069 1199 1151; baseline 0.001 -18"><span class='ocrx_word' id='word_1_90' title='bbox 87 1114 88 1117; x_wconf 63' lang='lat'>,</span> <span class='ocrx_word' id='word_1_91' title='bbox 138 1147 140 1151; x_wconf 11' lang='lat' dir='ltr'>y</span> <span class='ocrx_word' id='word_1_92' title='bbox 165 1072 221 1133; x_wconf 87' lang='lat' dir='ltr'>Sed</span> <span class='ocrx_word' id='word_1_93' title='bbox 238 1072 347 1151; x_wconf 91' lang='lat' dir='ltr'>pariter</span> <span class='ocrx_word' id='word_1_94' title='bbox 363 1089 430 1132; x_wconf 92' lang='lat' dir='ltr'>cum</span> <span class='ocrx_word' id='word_1_95' title='bbox 447 1078 529 1149; x_wconf 90' lang='lat' dir='ltr'>capta</span> <span class='ocrx_word' id='word_1_96' title='bbox 545 1069 636 1130; x_wconf 80' lang='lat' dir='ltr'>Thala</span> <span class='ocrx_word' id='word_1_97' title='bbox 657 1070 744 1146; x_wconf 85' lang='lat' dir='ltr'>legati</span> <span class='ocrx_word' id='word_1_98' title='bbox 761 1090 795 1131; x_wconf 87' lang='lat' dir='ltr'>ex</span> <span class='ocrx_word' id='word_1_99' title='bbox 811 1071 921 1151; x_wconf 93' lang='lat' dir='ltr'>oppido</span> <span class='ocrx_word' id='word_1_100' title='bbox 936 1071 1023 1151; x_wconf 82' lang='lat' dir='ltr'>Lepti</span> <span class='ocrx_word' id='word_1_101' title='bbox 1038 1072 1074 1133; x_wconf 94' lang='lat' dir='ltr'>ad</span> <span class='ocrx_word' id='word_1_102' title='bbox 1089 1072 1148 1134; x_wconf 89' lang='lat' dir='ltr'>hle-</span> <span class='ocrx_word' id='word_1_103' title='bbox 1167 1079 1199 1135; x_wconf 90' lang='grc'>77</span> 
     </span>
     <span class='ocr_line' id='line_1_12' title="bbox 79 1155 1152 1236; baseline 0.001 -19"><span class='ocrx_word' id='word_1_104' title='bbox 79 1157 179 1218; x_wconf 91' lang='lat' dir='ltr'>tellum</span> <span class='ocrx_word' id='word_1_105' title='bbox 196 1166 337 1217; x_wconf 88' lang='lat' dir='ltr'>venerant</span> <span class='ocrx_word' id='word_1_106' title='bbox 351 1157 479 1228; x_wconf 76' lang='lat' dir='ltr'>orantes,</span> <span class='ocrx_word' id='word_1_107' title='bbox 494 1156 537 1216; x_wconf 91' lang='lat' dir='ltr'>uti</span> <span class='ocrx_word' id='word_1_108' title='bbox 553 1155 732 1234; x_wconf 77' lang='lat' dir='ltr'>praesidium</span> <span class='ocrx_word' id='word_1_109' title='bbox 748 1156 988 1236; x_wconf 77' lang='lat' dir='ltr'>praefectumque</span> <span class='ocrx_word' id='word_1_110' title='bbox 1004 1176 1038 1217; x_wconf 91' lang='lat' dir='ltr'>ec</span> <span class='ocrx_word' id='word_1_111' title='bbox 1054 1158 1152 1218; x_wconf 91' lang='lat' dir='ltr'>mitte-</span> 
     </span>
     <span class='ocr_line' id='line_1_13' title="bbox 78 1240 1152 1320; baseline 0.002 -18"><span class='ocrx_word' id='word_1_112' title='bbox 78 1250 137 1304; x_wconf 87' lang='lat' dir='ltr'>ret:</span> <span class='ocrx_word' id='word_1_113' title='bbox 164 1240 359 1303; x_wconf 81' lang='lat' dir='ltr'>Hamilcarem</span> <span class='ocrx_word' id='word_1_114' title='bbox 374 1240 537 1320; x_wconf 86' lang='lat' dir='ltr'>quendam,</span> <span class='ocrx_word' id='word_1_115' title='bbox 559 1240 709 1302; x_wconf 92' lang='lat' dir='ltr'>hominem</span> <span class='ocrx_word' id='word_1_116' title='bbox 726 1241 853 1303; x_wconf 86' lang='lat' dir='ltr'>nobilem</span> <span class='ocrx_word' id='word_1_117' title='bbox 873 1241 1045 1317; x_wconf 81' lang='lat' dir='ltr'>factiosum,</span> <span class='ocrx_word' id='word_1_118' title='bbox 1069 1245 1152 1305; x_wconf 91' lang='lat' dir='ltr'>novis</span> 
     </span>
     <span class='ocr_line' id='line_1_14' title="bbox 79 1325 1151 1406; baseline 0.002 -19"><span class='ocrx_word' id='word_1_119' title='bbox 79 1327 168 1389; x_wconf 86' lang='lat' dir='ltr'>rebus</span> <span class='ocrx_word' id='word_1_120' title='bbox 183 1326 311 1400; x_wconf 83' lang='lat' dir='ltr'>studere,</span> <span class='ocrx_word' id='word_1_121' title='bbox 334 1327 488 1387; x_wconf 87' lang='lat' dir='ltr'>advorsum</span> <span class='ocrx_word' id='word_1_122' title='bbox 505 1344 592 1404; x_wconf 87' lang='lat' dir='ltr'>quem</span> <span class='ocrx_word' id='word_1_123' title='bbox 609 1343 706 1403; x_wconf 91' lang='lat' dir='ltr'>neque</span> <span class='ocrx_word' id='word_1_124' title='bbox 721 1325 845 1405; x_wconf 87' lang='lat' dir='ltr'>imperia</span> <span class='ocrx_word' id='word_1_125' title='bbox 861 1328 1083 1406; x_wconf 68' lang='lat' dir='ltr'>magistratuum</span> <span class='ocrx_word' id='word_1_126' title='bbox 1099 1348 1151 1389; x_wconf 91' lang='lat' dir='ltr'>ne·</span> 
     </span>
     <span class='ocr_line' id='line_1_15' title="bbox 78 1409 1150 1492; baseline -0.001 -18"><span class='ocrx_word' id='word_1_127' title='bbox 78 1431 136 1492; x_wconf 91' lang='lat' dir='ltr'>que</span> <span class='ocrx_word' id='word_1_128' title='bbox 158 1413 239 1490; x_wconf 88' lang='lat' dir='ltr'>leges</span> <span class='ocrx_word' id='word_1_129' title='bbox 255 1411 399 1483; x_wconf 86' lang='lat' dir='ltr'>valerent;</span> <span class='ocrx_word' id='word_1_130' title='bbox 423 1410 454 1470; x_wconf 90' lang='lat' dir='ltr'>ni</span> <span class='ocrx_word' id='word_1_131' title='bbox 476 1409 505 1469; x_wconf 93' lang='lat' dir='ltr'>id</span> <span class='ocrx_word' id='word_1_132' title='bbox 528 1410 695 1483; x_wconf 84' lang='lat' dir='ltr'>festinaret,</span> <span class='ocrx_word' id='word_1_133' title='bbox 720 1410 749 1471; x_wconf 91' lang='lat' dir='ltr'>in</span> <span class='ocrx_word' id='word_1_134' title='bbox 772 1430 888 1472; x_wconf 91' lang='lat' dir='ltr'>summo</span> <span class='ocrx_word' id='word_1_135' title='bbox 911 1413 1046 1491; x_wconf 87' lang='lat' dir='ltr'>periculo</span> <span class='ocrx_word' id='word_1_136' title='bbox 1068 1431 1150 1475; x_wconf 89' lang='lat' dir='ltr'>suam</span> 
     </span>
     <span class='ocr_line' id='line_1_16' title="bbox 78 1494 1181 1576; baseline 0 -17"><span class='ocrx_word' id='word_1_137' title='bbox 78 1498 220 1569; x_wconf 88' lang='lat' dir='ltr'>salutem,</span> <span class='ocrx_word' id='word_1_138' title='bbox 243 1496 361 1557; x_wconf 92' lang='lat' dir='ltr'>illorum</span> <span class='ocrx_word' id='word_1_139' title='bbox 386 1494 483 1556; x_wconf 92' lang='lat' dir='ltr'>socios</span> <span class='ocrx_word' id='word_1_140' title='bbox 502 1495 575 1556; x_wconf 88' lang='lat' dir='ltr'>lore.</span> <span class='ocrx_word' id='word_1_141' title='bbox 612 1494 685 1556; x_wconf 90' lang='lat' dir='ltr'>Nam</span> <span class='ocrx_word' id='word_1_142' title='bbox 700 1495 846 1575; x_wconf 87' lang='lat' dir='ltr'>Leptitani</span> <span class='ocrx_word' id='word_1_143' title='bbox 869 1495 925 1556; x_wconf 89' lang='lat' dir='ltr'>iam</span> <span class='ocrx_word' id='word_1_144' title='bbox 948 1497 1018 1557; x_wconf 91' lang='lat' dir='ltr'>iude</span> <span class='ocrx_word' id='word_1_145' title='bbox 1036 1516 1051 1557; x_wconf 93' lang='lat' dir='ltr'>a</span> <span class='ocrx_word' id='word_1_146' title='bbox 1068 1498 1181 1576; x_wconf 85' lang='lat' dir='ltr'>prin-t</span> 
     </span>
     <span class='ocr_line' id='line_1_17' title="bbox 78 1579 1150 1662; baseline -0.001 -19"><span class='ocrx_word' id='word_1_147' title='bbox 78 1583 157 1662; x_wconf 91' lang='lat' dir='ltr'>cipio</span> <span class='ocrx_word' id='word_1_148' title='bbox 173 1581 241 1643; x_wconf 89' lang='lat' dir='ltr'>belli</span> <span class='ocrx_word' id='word_1_149' title='bbox 256 1580 425 1658; x_wconf 83' lang='lat' dir='ltr'>Iugurthini</span> <span class='ocrx_word' id='word_1_150' title='bbox 439 1579 474 1640; x_wconf 91' lang='lat' dir='ltr'>ad</span> <span class='ocrx_word' id='word_1_151' title='bbox 490 1580 615 1641; x_wconf 88' lang='lat' dir='ltr'>Bestiam</span> <span class='ocrx_word' id='word_1_152' title='bbox 632 1580 784 1641; x_wconf 91' lang='lat' dir='ltr'>consulem</span> <span class='ocrx_word' id='word_1_153' title='bbox 800 1588 830 1640; x_wconf 92' lang='lat' dir='ltr'>et</span> <span class='ocrx_word' id='word_1_154' title='bbox 844 1589 944 1660; x_wconf 89' lang='lat' dir='ltr'>postea</span> <span class='ocrx_word' id='word_1_155' title='bbox 957 1580 1079 1642; x_wconf 87' lang='lat' dir='ltr'>Romam</span> <span class='ocrx_word' id='word_1_156' title='bbox 1095 1583 1150 1642; x_wconf 92' lang='lat' dir='ltr'>mi-</span> 
     </span>
     <span class='ocr_line' id='line_1_18' title="bbox 79 1664 1182 1746; baseline -0.002 -16"><span class='ocrx_word' id='word_1_157' title='bbox 79 1675 179 1730; x_wconf 89' lang='lat' dir='ltr'>serant</span> <span class='ocrx_word' id='word_1_158' title='bbox 193 1665 348 1729; x_wconf 82' lang='lat' dir='ltr'>amicitiam</span> <span class='ocrx_word' id='word_1_159' title='bbox 364 1665 593 1743; x_wconf 86' lang='lat' dir='ltr'>societatemque</span> <span class='ocrx_word' id='word_1_160' title='bbox 608 1673 753 1743; x_wconf 90' lang='lat' dir='ltr'>rogatum.</span> <span class='ocrx_word' id='word_1_161' title='bbox 791 1664 920 1739; x_wconf 85' lang='lat' dir='ltr'>Deinde,</span> <span class='ocrx_word' id='word_1_162' title='bbox 942 1666 992 1726; x_wconf 89' lang='lat' dir='ltr'>uhi</span> <span class='ocrx_word' id='word_1_163' title='bbox 1009 1685 1042 1728; x_wconf 89' lang='lat' dir='ltr'>ea</span> <span class='ocrx_word' id='word_1_164' title='bbox 1058 1667 1151 1746; x_wconf 92' lang='lat' dir='ltr'>impe·</span> <span class='ocrx_word' id='word_1_165' title='bbox 1167 1678 1182 1728; x_wconf 80' lang='lat'>³</span> 
     </span>
     <span class='ocr_line' id='line_1_19' title="bbox 78 1749 1149 1832; baseline -0.002 -18"><span class='ocrx_word' id='word_1_166' title='bbox 78 1760 167 1830; x_wconf 91' lang='lat' dir='ltr'>trata,</span> <span class='ocrx_word' id='word_1_167' title='bbox 190 1769 308 1831; x_wconf 88' lang='lat' dir='ltr'>semper</span> <span class='ocrx_word' id='word_1_168' title='bbox 323 1750 392 1811; x_wconf 92' lang='lat' dir='ltr'>boni</span> <span class='ocrx_word' id='word_1_169' title='bbox 408 1749 568 1832; x_wconf 88' lang='lat' dir='ltr'>fidelesque</span> <span class='ocrx_word' id='word_1_170' title='bbox 583 1768 718 1811; x_wconf 89' lang='lat' dir='ltr'>mansere</span> <span class='ocrx_word' id='word_1_171' title='bbox 734 1759 763 1811; x_wconf 90' lang='lat' dir='ltr'>et</span> <span class='ocrx_word' id='word_1_172' title='bbox 778 1759 884 1812; x_wconf 86' lang='lat' dir='ltr'>cuncta</span> <span class='ocrx_word' id='word_1_173' title='bbox 899 1771 914 1812; x_wconf 90' lang='lat' dir='ltr'>a</span> <span class='ocrx_word' id='word_1_174' title='bbox 932 1752 1025 1813; x_wconf 84' lang='lat' dir='ltr'>Bestia</span> <span class='ocrx_word' id='word_1_175' title='bbox 1043 1752 1149 1813; x_wconf 79' lang='lat' dir='ltr'>Albino</span> 
     </span>
     <span class='ocr_line' id='line_1_20' title="bbox 78 1835 1180 1917; baseline -0.001 -18"><span class='ocrx_word' id='word_1_176' title='bbox 78 1838 255 1917; x_wconf 86' lang='lat' dir='ltr'>Metelloque</span> <span class='ocrx_word' id='word_1_177' title='bbox 271 1837 411 1916; x_wconf 91' lang='lat' dir='ltr'>imperata</span> <span class='ocrx_word' id='word_1_178' title='bbox 427 1853 498 1896; x_wconf 87' lang='lat' dir='ltr'>nave</span> <span class='ocrx_word' id='word_1_179' title='bbox 514 1836 653 1896; x_wconf 76' lang='lat' dir='ltr'>fecerant.</span> <span class='ocrx_word' id='word_1_180' title='bbox 691 1835 792 1916; x_wconf 91' lang='lat' dir='ltr'>ltaque</span> <span class='ocrx_word' id='word_1_181' title='bbox 814 1837 851 1897; x_wconf 90' lang='lat' dir='ltr'>ab</span> <span class='ocrx_word' id='word_1_182' title='bbox 872 1836 1050 1916; x_wconf 86' lang='lat' dir='ltr'>imperatore</span> <span class='ocrx_word' id='word_1_183' title='bbox 1065 1837 1150 1899; x_wconf 81' lang='lat' dir='ltr'>facile</span> <span class='ocrx_word' id='word_1_184' title='bbox 1164 1847 1180 1898; x_wconf 84' lang='lat'>4</span> 
     </span>
     <span class='ocr_line' id='line_1_21' title="bbox 79 1920 1152 2004; baseline 0 -20"><span class='ocrx_word' id='word_1_185' title='bbox 79 1942 154 2002; x_wconf 90' lang='lat' dir='ltr'>quae</span> <span class='ocrx_word' id='word_1_186' title='bbox 169 1921 309 2004; x_wconf 91' lang='lat' dir='ltr'>petebant</span> <span class='ocrx_word' id='word_1_187' title='bbox 323 1920 429 2001; x_wconf 91' lang='lat' dir='ltr'>adepti.</span> <span class='ocrx_word' id='word_1_188' title='bbox 457 1920 589 1982; x_wconf 85' lang='lat' dir='ltr'>Emissae</span> <span class='ocrx_word' id='word_1_189' title='bbox 605 1939 639 1982; x_wconf 93' lang='lat' dir='ltr'>eo</span> <span class='ocrx_word' id='word_1_190' title='bbox 656 1921 793 1983; x_wconf 90' lang='lat' dir='ltr'>cohortes</span> <span class='ocrx_word' id='word_1_191' title='bbox 809 1921 950 2000; x_wconf 88' lang='lat' dir='ltr'>Ligurum</span> <span class='ocrx_word' id='word_1_192' title='bbox 967 1931 1107 2000; x_wconf 91' lang='lat' dir='ltr'>quattuor</span> <span class='ocrx_word' id='word_1_193' title='bbox 1122 1933 1152 1984; x_wconf 92' lang='lat' dir='ltr'>et</span> 
     </span>
     <span class='ocr_line' id='line_1_22' title="bbox 80 2007 781 2086; baseline -0.007 -17"><span class='ocrx_word' id='word_1_194' title='bbox 80 2008 110 2069; x_wconf 84' lang='lat' dir='ltr'>C.</span> <span class='ocrx_word' id='word_1_195' title='bbox 127 2007 242 2070; x_wconf 78' lang='lat' dir='ltr'>Annius</span> <span class='ocrx_word' id='word_1_196' title='bbox 260 2007 435 2086; x_wconf 85' lang='lat' dir='ltr'>praelectus.</span> <span class='ocrx_word' id='word_1_197' title='bbox 778 2028 781 2037; x_wconf 92' lang='lat'><em>·</em></span> 
     </span>
    </p>

    <p class='ocr_par' dir='ltr' id='par_1_3' title="bbox 164 2091 1198 2172">
     <span class='ocr_line' id='line_1_23' title="bbox 164 2091 1198 2172; baseline 0.002 -18"><span class='ocrx_word' id='word_1_198' title='bbox 164 2093 196 2154; x_wconf 94' lang='lat' dir='ltr'>ld</span> <span class='ocrx_word' id='word_1_199' title='bbox 212 2092 354 2172; x_wconf 90' lang='lat' dir='ltr'>oppidum</span> <span class='ocrx_word' id='word_1_200' title='bbox 369 2091 405 2152; x_wconf 89' lang='lat' dir='ltr'>ab</span> <span class='ocrx_word' id='word_1_201' title='bbox 421 2091 550 2153; x_wconf 88' lang='lat' dir='ltr'>Sidoniis</span> <span class='ocrx_word' id='word_1_202' title='bbox 565 2091 717 2152; x_wconf 91' lang='lat' dir='ltr'>conditum</span> <span class='ocrx_word' id='word_1_203' title='bbox 733 2100 787 2166; x_wconf 91' lang='lat' dir='ltr'>est,</span> <span class='ocrx_word' id='word_1_204' title='bbox 803 2110 879 2170; x_wconf 94' lang='lat' dir='ltr'>quos</span> <span class='ocrx_word' id='word_1_205' title='bbox 894 2092 1062 2171; x_wconf 90' lang='lat' dir='ltr'>accepimus</span> <span class='ocrx_word' id='word_1_206' title='bbox 1076 2110 1147 2171; x_wconf 93' lang='lat' dir='ltr'>pro·</span> <span class='ocrx_word' id='word_1_207' title='bbox 1164 2099 1198 2156; x_wconf 98' lang='grc'>78</span> 
     </span>
    </p>
   </div>
   <div class='ocr_carea' id='block_1_3' title="bbox 78 2175 1178 2342">
    <p class='ocr_par' dir='ltr' id='par_1_4' title="bbox 78 2175 1178 2342">
     <span class='ocr_line' id='line_1_24' title="bbox 78 2175 1149 2258; baseline 0 -20"><span class='ocrx_word' id='word_1_208' title='bbox 78 2179 165 2258; x_wconf 79' lang='lat' dir='ltr'>fugos</span> <span class='ocrx_word' id='word_1_209' title='bbox 181 2179 217 2239; x_wconf 92' lang='lat' dir='ltr'>ch</span> <span class='ocrx_word' id='word_1_210' title='bbox 234 2177 394 2239; x_wconf 89' lang='lat' dir='ltr'>discordias</span> <span class='ocrx_word' id='word_1_211' title='bbox 410 2177 501 2238; x_wconf 89' lang='lat' dir='ltr'>civilis</span> <span class='ocrx_word' id='word_1_212' title='bbox 518 2177 641 2239; x_wconf 89' lang='lat' dir='ltr'>navibus</span> <span class='ocrx_word' id='word_1_213' title='bbox 655 2176 686 2237; x_wconf 91' lang='lat' dir='ltr'>in</span> <span class='ocrx_word' id='word_1_214' title='bbox 703 2195 754 2237; x_wconf 90' lang='lat' dir='ltr'>ecs</span> <span class='ocrx_word' id='word_1_215' title='bbox 770 2175 852 2238; x_wconf 88' lang='lat' dir='ltr'>locos</span> <span class='ocrx_word' id='word_1_216' title='bbox 867 2177 1000 2251; x_wconf 90' lang='lat' dir='ltr'>venisse;</span> <span class='ocrx_word' id='word_1_217' title='bbox 1018 2185 1149 2239; x_wconf 89' lang='lat' dir='ltr'>ceterum</span> 
     </span>
     <span class='ocr_line' id='line_1_25' title="bbox 79 2261 1178 2342; baseline 0 -18"><span class='ocrx_word' id='word_1_218' title='bbox 79 2264 167 2324; x_wconf 92' lang='lat' dir='ltr'>situm</span> <span class='ocrx_word' id='word_1_219' title='bbox 183 2263 261 2324; x_wconf 90' lang='lat' dir='ltr'>inter</span> <span class='ocrx_word' id='word_1_220' title='bbox 277 2263 348 2323; x_wconf 90' lang='lat' dir='ltr'>duas</span> <span class='ocrx_word' id='word_1_221' title='bbox 363 2262 467 2342; x_wconf 79' lang='lat' dir='ltr'>Syrtis,</span> <span class='ocrx_word' id='word_1_222' title='bbox 483 2261 592 2342; x_wconf 92' lang='lat' dir='ltr'>quihus</span> <span class='ocrx_word' id='word_1_223' title='bbox 607 2281 715 2324; x_wconf 90' lang='lat' dir='ltr'>nornen</span> <span class='ocrx_word' id='word_1_224' title='bbox 734 2281 768 2324; x_wconf 83' lang='lat' dir='ltr'>ex</span> <span class='ocrx_word' id='word_1_225' title='bbox 784 2281 816 2324; x_wconf 92' lang='lat' dir='ltr'>re</span> <span class='ocrx_word' id='word_1_226' title='bbox 831 2262 967 2324; x_wconf 89' lang='lat' dir='ltr'>inditum.</span> <span class='ocrx_word' id='word_1_227' title='bbox 1001 2262 1073 2323; x_wconf 89' lang='lat' dir='ltr'>Nam</span> <span class='ocrx_word' id='word_1_228' title='bbox 1090 2263 1178 2324; x_wconf 72' lang='lat' dir='ltr'>duct</span> 
     </span>
    </p>
   </div>
   <div class='ocr_carea' id='block_1_4' title="bbox 71 2442 1153 3872">
    <p class='ocr_par' dir='ltr' id='par_1_5' title="bbox 71 2442 1153 3872">
     <span class='ocr_line' id='line_1_26' title="bbox 80 2442 1151 2512; baseline 0.001 -17"><span class='ocrx_word' id='word_1_229' title='bbox 80 2443 153 2496; x_wconf 86' lang='lat' dir='ltr'>dabei</span> <span class='ocrx_word' id='word_1_230' title='bbox 175 2442 279 2496; x_wconf 84' lang='lat' dir='ltr'>Dienste</span> <span class='ocrx_word' id='word_1_231' title='bbox 303 2445 433 2509; x_wconf 76' lang='lat' dir='ltr'>idsteten,</span> <span class='ocrx_word' id='word_1_232' title='bbox 457 2445 482 2494; x_wconf 91' lang='lat' dir='ltr'>d.</span> <span class='ocrx_word' id='word_1_233' title='bbox 501 2445 517 2495; x_wconf 89' lang='lat' dir='ltr'>i.</span> <span class='ocrx_word' id='word_1_234' title='bbox 536 2444 589 2496; x_wconf 91' lang='lat' dir='ltr'>die·</span> <span class='ocrx_word' id='word_1_235' title='bbox 640 2444 937 2512; x_wconf 84' lang='lat' dir='ltr'>derGegensatzglieder</span> <span class='ocrx_word' id='word_1_236' title='bbox 952 2446 986 2498; x_wconf 91' lang='lat' dir='ltr'>ist</span> <span class='ocrx_word' id='word_1_237' title='bbox 1004 2445 1151 2498; x_wconf 80' lang='lat' dir='ltr'>chirstisch.</span> 
     </span>
     <span class='ocr_line' id='line_1_27' title="bbox 78 2511 1055 2579; baseline 0 -15"><span class='ocrx_word' id='word_1_238' title='bbox 78 2513 166 2564; x_wconf 84' lang='lat' dir='ltr'>selben</span> <span class='ocrx_word' id='word_1_239' title='bbox 185 2511 355 2564; x_wconf 61' lang='lat' dir='ltr'>cusldhrten‘t.</span> <span class='ocrx_word' id='word_1_240' title='bbox 384 2512 521 2578; x_wconf 77' lang='lat' dir='ltr'>vgt.ct,9</span> <span class='ocrx_word' id='word_1_241' title='bbox 541 2512 588 2562; x_wconf 86' lang='lat' dir='ltr'>od·</span> <span class='ocrx_word' id='word_1_242' title='bbox 674 2511 713 2566; x_wconf 90' lang='grc'>77.</span> <span class='ocrx_word' id='word_1_243' title='bbox 744 2517 767 2564; x_wconf 92' lang='grc'>7.</span> <span class='ocrx_word' id='word_1_244' title='bbox 782 2517 904 2579; x_wconf 83' lang='lat' dir='ltr'>pariter:</span> <span class='ocrx_word' id='word_1_245' title='bbox 922 2530 953 2564; x_wconf 86' lang='lat' dir='ltr'>zu</span> <span class='ocrx_word' id='word_1_246' title='bbox 972 2517 1013 2578; x_wconf 88' lang='grc'><strong>68,</strong></span> <span class='ocrx_word' id='word_1_247' title='bbox 1031 2517 1055 2565; x_wconf 82' lang='grc'>7.</span> 
     </span>
     <span class='ocr_line' id='line_1_28' title="bbox 71 2579 1151 2646; baseline 0.001 -15"><span class='ocrx_word' id='word_1_248' title='bbox 71 2584 241 2633; x_wconf 73' lang='lat' dir='ltr'>&#39;ministrare</span> <span class='ocrx_word' id='word_1_249' title='bbox 674 2579 767 2646; x_wconf 84' lang='lat' dir='ltr'>Lepti:</span> <span class='ocrx_word' id='word_1_250' title='bbox 786 2581 861 2632; x_wconf 82' lang='grc'><strong>777777.</strong></span> <span class='ocrx_word' id='word_1_251' title='bbox 880 2596 995 2646; x_wconf 82' lang='grc'><strong>777377,·</strong></span> <span class='ocrx_word' id='word_1_252' title='bbox 1017 2596 1048 2631; x_wconf 88' lang='lat' dir='ltr'>zu</span> <span class='ocrx_word' id='word_1_253' title='bbox 1069 2585 1107 2641; x_wconf 89' lang='grc'>79,</span> <span class='ocrx_word' id='word_1_254' title='bbox 1129 2585 1151 2632; x_wconf 94' lang='grc'>7.</span> 
     </span>
     <span class='ocr_line' id='line_1_29' title="bbox 112 2645 1153 2714; baseline 0 -13"><span class='ocrx_word' id='word_1_255' title='bbox 112 2653 136 2701; x_wconf 88' lang='lat'>4.</span> <span class='ocrx_word' id='word_1_256' title='bbox 155 2649 304 2714; x_wconf 78' lang='lat' dir='ltr'>reliquum.-</span> <span class='ocrx_word' id='word_1_257' title='bbox 326 2647 386 2700; x_wconf 88' lang='lat' dir='ltr'>Sall.</span> <span class='ocrx_word' id='word_1_258' title='bbox 405 2645 546 2714; x_wconf 85' lang='lat' dir='ltr'>gebraucht</span> <span class='ocrx_word' id='word_1_259' title='bbox 563 2647 588 2697; x_wconf 92' lang='lat' dir='ltr'>in</span> <span class='ocrx_word' id='word_1_260' title='bbox 674 2648 799 2698; x_wconf 84' lang='lat' dir='ltr'>illorum:</span> <span class='ocrx_word' id='word_1_261' title='bbox 818 2647 842 2700; x_wconf 92' lang='lat' dir='ltr'>d.</span> <span class='ocrx_word' id='word_1_262' title='bbox 860 2649 877 2702; x_wconf 83' lang='lat' dir='ltr'>i.</span> <span class='ocrx_word' id='word_1_263' title='bbox 896 2647 1094 2712; x_wconf 74' lang='lat' dir='ltr'>demanarunt,-</span> <span class='ocrx_word' id='word_1_264' title='bbox 1112 2646 1153 2701; x_wconf 84' lang='lat' dir='ltr'>die</span> 
     </span>
     <span class='ocr_line' id='line_1_30' title="bbox 79 2715 1151 2783; baseline -0.002 -15"><span class='ocrx_word' id='word_1_265' title='bbox 79 2716 161 2769; x_wconf 88' lang='lat' dir='ltr'>dieser</span> <span class='ocrx_word' id='word_1_266' title='bbox 179 2715 344 2783; x_wconf 87' lang='lat' dir='ltr'>Verbindnng</span> <span class='ocrx_word' id='word_1_267' title='bbox 368 2720 441 2768; x_wconf 86' lang='lat' dir='ltr'>sonet</span> <span class='ocrx_word' id='word_1_268' title='bbox 458 2715 507 2767; x_wconf 90' lang='lat' dir='ltr'>den</span> <span class='ocrx_word' id='word_1_269' title='bbox 526 2715 589 2768; x_wconf 85' lang='lat' dir='ltr'>Gen.</span> <span class='ocrx_word' id='word_1_270' title='bbox 641 2715 729 2766; x_wconf 87' lang='lat' dir='ltr'>Worte</span> <span class='ocrx_word' id='word_1_271' title='bbox 746 2715 890 2766; x_wconf 81' lang='lat' dir='ltr'>illorum</span> <span class='ocrx_word' id='word_1_272' title='bbox 909 2721 994 2766; x_wconf 79' lang='lat' dir='ltr'>socios</span> <span class='ocrx_word' id='word_1_273' title='bbox 1012 2715 1097 2768; x_wconf 90' lang='lat' dir='ltr'>bilden</span> <span class='ocrx_word' id='word_1_274' title='bbox 1111 2716 1151 2768; x_wconf 87' lang='lat' dir='ltr'>ein</span> 
     </span>
     <span class='ocr_line' id='line_1_31' title="bbox 78 2782 1152 2850; baseline 0.001 -15"><span class='ocrx_word' id='word_1_275' title='bbox 78 2785 179 2850; x_wconf 80' lang='lat' dir='ltr'>reliqui</span> <span class='ocrx_word' id='word_1_276' title='bbox 185 2803 195 2845; x_wconf 92' lang='lat'><em>;</em></span> <span class='ocrx_word' id='word_1_277' title='bbox 214 2785 266 2836; x_wconf 80' lang='lat' dir='ltr'>(lat.</span> <span class='ocrx_word' id='word_1_278' title='bbox 288 2787 326 2848; x_wconf 88' lang='lat' dir='ltr'>ll,</span> <span class='ocrx_word' id='word_1_279' title='bbox 346 2788 359 2836; x_wconf 88' lang='grc'><strong>7</strong></span> <span class='ocrx_word' id='word_1_280' title='bbox 379 2783 430 2835; x_wconf 92' lang='lat' dir='ltr'>und</span> <span class='ocrx_word' id='word_1_281' title='bbox 449 2783 522 2836; x_wconf 79' lang='lat' dir='ltr'>diter.</span> <span class='ocrx_word' id='word_1_282' title='bbox 640 2798 718 2835; x_wconf 82' lang='lat' dir='ltr'>nenos</span> <span class='ocrx_word' id='word_1_283' title='bbox 736 2782 856 2848; x_wconf 84' lang='lat' dir='ltr'>Subject,</span> <span class='ocrx_word' id='word_1_284' title='bbox 880 2783 959 2835; x_wconf 89' lang='lat' dir='ltr'>durch</span> <span class='ocrx_word' id='word_1_285' title='bbox 978 2784 1088 2836; x_wconf 84' lang='lat' dir='ltr'>welches</span> <span class='ocrx_word' id='word_1_286' title='bbox 1106 2784 1152 2836; x_wconf 89' lang='lat' dir='ltr'>das</span> 
     </span>
     <span class='ocr_line' id='line_1_32' title="bbox 113 2850 1150 2920; baseline -0.004 -14"><span class='ocrx_word' id='word_1_287' title='bbox 113 2857 136 2906; x_wconf 85' lang='lat'>5.</span> <span class='ocrx_word' id='word_1_288' title='bbox 155 2859 230 2904; x_wconf 82' lang='lat' dir='ltr'>unte:</span> <span class='ocrx_word' id='word_1_289' title='bbox 248 2852 338 2918; x_wconf 82' lang='lat' dir='ltr'>gehdrt</span> <span class='ocrx_word' id='word_1_290' title='bbox 355 2852 457 2904; x_wconf 82' lang='lat' dir='ltr'>adverb.</span> <span class='ocrx_word' id='word_1_291' title='bbox 476 2868 506 2902; x_wconf 83' lang='lat' dir='ltr'>zu</span> <span class='ocrx_word' id='word_1_292' title='bbox 525 2850 589 2912; x_wconf 75' lang='lat' dir='ltr'>fatt-</span> <span class='ocrx_word' id='word_1_293' title='bbox 640 2852 765 2904; x_wconf 85' lang='lat' dir='ltr'>interesse</span> <span class='ocrx_word' id='word_1_294' title='bbox 783 2853 827 2903; x_wconf 89' lang='lat' dir='ltr'>der</span> <span class='ocrx_word' id='word_1_295' title='bbox 836 2852 929 2904; x_wconf 84' lang='lat' dir='ltr'>Rdmer</span> <span class='ocrx_word' id='word_1_296' title='bbox 946 2852 1003 2904; x_wconf 88' lang='lat' dir='ltr'>dem</span> <span class='ocrx_word' id='word_1_297' title='bbox 1013 2852 1057 2904; x_wconf 91' lang='lat' dir='ltr'>der</span> <span class='ocrx_word' id='word_1_298' title='bbox 1066 2852 1150 2920; x_wconf 87' lang='lat' dir='ltr'>Lepti-</span> 
     </span>
     <span class='ocr_line' id='line_1_33' title="bbox 76 2916 1151 2991; baseline 0 -19"><span class='ocrx_word' id='word_1_299' title='bbox 76 2925 138 2986; x_wconf 79' lang='lat' dir='ltr'>goti</span> <span class='ocrx_word' id='word_1_300' title='bbox 155 2920 205 2991; x_wconf 87' lang='lat' dir='ltr'>uqd</span> <span class='ocrx_word' id='word_1_301' title='bbox 224 2921 272 2984; x_wconf 90' lang='lat' dir='ltr'>ist,</span> <span class='ocrx_word' id='word_1_302' title='bbox 290 2936 333 2972; x_wconf 92' lang='lat' dir='ltr'>um</span> <span class='ocrx_word' id='word_1_303' title='bbox 352 2921 435 2971; x_wconf 84' lang='lat' dir='ltr'>mutto</span> <span class='ocrx_word' id='word_1_304' title='bbox 454 2920 589 2972; x_wconf 81' lang='grc'><strong>777777777-</strong></span> <span class='ocrx_word' id='word_1_305' title='bbox 640 2916 712 2971; x_wconf 84' lang='lat' dir='ltr'>tan&#39;er</span> <span class='ocrx_word' id='word_1_306' title='bbox 737 2922 837 2984; x_wconf 85' lang='grc'><strong>(77777</strong></span> <span class='ocrx_word' id='word_1_307' title='bbox 856 2920 978 2984; x_wconf 78' lang='lat' dir='ltr'>sulutem)</span> <span class='ocrx_word' id='word_1_308' title='bbox 1004 2921 1151 2987; x_wconf 84' lang='lat' dir='ltr'>gegendber</span> 
     </span>
     <span class='ocr_line' id='line_1_34' title="bbox 78 2987 834 3055; baseline -0.001 -15"><span class='ocrx_word' id='word_1_309' title='bbox 78 2990 174 3055; x_wconf 89' lang='lat' dir='ltr'>heben,</span> <span class='ocrx_word' id='word_1_310' title='bbox 196 2989 324 3041; x_wconf 83' lang='lat' dir='ltr'>zwischen</span> <span class='ocrx_word' id='word_1_311' title='bbox 343 2988 426 3041; x_wconf 85' lang='lat' dir='ltr'>dieses</span> <span class='ocrx_word' id='word_1_312' title='bbox 444 2989 517 3040; x_wconf 87' lang='lat' dir='ltr'>Wort</span> <span class='ocrx_word' id='word_1_313' title='bbox 536 2987 588 3040; x_wconf 91' lang='lat' dir='ltr'>und</span> <span class='ocrx_word' id='word_1_314' title='bbox 641 2987 745 3055; x_wconf 86' lang='lat' dir='ltr'>gestellt</span> <span class='ocrx_word' id='word_1_315' title='bbox 762 2988 834 3039; x_wconf 88' lang='lat' dir='ltr'>wird.</span> 
     </span>
     <span class='ocr_line' id='line_1_35' title="bbox 79 3056 1134 3124; baseline 0 -16"><span class='ocrx_word' id='word_1_316' title='bbox 79 3059 169 3109; x_wconf 82' lang='lat' dir='ltr'>labore</span> <span class='ocrx_word' id='word_1_317' title='bbox 186 3058 388 3124; x_wconf 87' lang='lat' dir='ltr'>eingeschchen,</span> <span class='ocrx_word' id='word_1_318' title='bbox 412 3057 462 3108; x_wconf 88' lang='lat' dir='ltr'>wie</span> <span class='ocrx_word' id='word_1_319' title='bbox 483 3060 538 3119; x_wconf 90' lang='grc'><strong>708,</strong></span> <span class='ocrx_word' id='word_1_320' title='bbox 557 3059 586 3116; x_wconf 82' lang='lat'>2;</span> <span class='ocrx_word' id='word_1_321' title='bbox 674 3060 696 3108; x_wconf 88' lang='grc'>3.</span> <span class='ocrx_word' id='word_1_322' title='bbox 717 3073 763 3106; x_wconf 83' lang='lat' dir='ltr'>err:</span> <span class='ocrx_word' id='word_1_323' title='bbox 782 3056 857 3109; x_wconf 83' lang='grc'><strong>7777777.</strong></span> <span class='ocrx_word' id='word_1_324' title='bbox 878 3071 946 3122; x_wconf 81' lang='lat' dir='ltr'>quoe</span> <span class='ocrx_word' id='word_1_325' title='bbox 961 3063 1134 3121; x_wconf 81' lang='lat' dir='ltr'>rogaverant.</span> 
     </span>
     <span class='ocr_line' id='line_1_36' title="bbox 77 3124 1150 3191; baseline -0.001 -15"><span class='ocrx_word' id='word_1_326' title='bbox 77 3126 141 3176; x_wconf 88' lang='lat' dir='ltr'>eben</span> <span class='ocrx_word' id='word_1_327' title='bbox 160 3141 189 3177; x_wconf 90' lang='lat' dir='ltr'>sc</span> <span class='ocrx_word' id='word_1_328' title='bbox 207 3129 284 3190; x_wconf 73' lang='lat' dir='ltr'>priore</span> <span class='ocrx_word' id='word_1_329' title='bbox 301 3127 354 3177; x_wconf 83' lang='lat' dir='ltr'>Cat.</span> <span class='ocrx_word' id='word_1_330' title='bbox 374 3129 415 3190; x_wconf 88' lang='grc'><strong>45,</strong></span> <span class='ocrx_word' id='word_1_331' title='bbox 433 3129 458 3177; x_wconf 78' lang='lat' dir='ltr'>d.</span> <span class='ocrx_word' id='word_1_332' title='bbox 673 3124 1032 3190; x_wconf 74' lang='lat' dir='ltr'>naoerdasGegentheilvon</span> <span class='ocrx_word' id='word_1_333' title='bbox 1043 3128 1150 3191; x_wconf 76' lang='grc'><strong>737777.</strong></span> 
     </span>
     <span class='ocr_line' id='line_1_37' title="bbox 112 3192 1150 3259; baseline 0 -15"><span class='ocrx_word' id='word_1_334' title='bbox 112 3197 138 3244; x_wconf 88' lang='grc'>6.</span> <span class='ocrx_word' id='word_1_335' title='bbox 174 3193 275 3257; x_wconf 82' lang='lat' dir='ltr'>illoque</span> <span class='ocrx_word' id='word_1_336' title='bbox 294 3233 300 3246; x_wconf 90' lang='lat'><em>.</em></span> <span class='ocrx_word' id='word_1_337' title='bbox 321 3199 372 3243; x_wconf 54' lang='grc'>«77</span> <span class='ocrx_word' id='word_1_338' title='bbox 389 3233 395 3246; x_wconf 95' lang='grc'><strong><em>.</em></strong></span> <span class='ocrx_word' id='word_1_339' title='bbox 415 3232 421 3245; x_wconf 93' lang='grc'><strong>.</strong></span> <span class='ocrx_word' id='word_1_340' title='bbox 441 3231 446 3242; x_wconf 96' lang='grc'><strong>.</strong></span> <span class='ocrx_word' id='word_1_341' title='bbox 466 3199 505 3246; x_wconf 88' lang='lat' dir='ltr'>et:</span> <span class='ocrx_word' id='word_1_342' title='bbox 534 3192 588 3258; x_wconf 83' lang='lat' dir='ltr'>vgl.</span> <span class='ocrx_word' id='word_1_343' title='bbox 672 3196 697 3244; x_wconf 80' lang='lat' dir='ltr'>l.</span> <span class='ocrx_word' id='word_1_344' title='bbox 732 3197 857 3243; x_wconf 77' lang='lat' dir='ltr'>emissae:</span> <span class='ocrx_word' id='word_1_345' title='bbox 894 3192 1150 3259; x_wconf 80' lang='lat' dir='ltr'>,hinansgeschiclrt“</span> 
     </span>
     <span class='ocr_line' id='line_1_38' title="bbox 76 3259 1150 3326; baseline 0 -15"><span class='ocrx_word' id='word_1_346' title='bbox 76 3261 247 3325; x_wconf 80' lang='lat' dir='ltr'>Ltv.5,16,t</span> <span class='ocrx_word' id='word_1_347' title='bbox 267 3259 423 3326; x_wconf 79' lang='lat' dir='ltr'>Veientique</span> <span class='ocrx_word' id='word_1_348' title='bbox 441 3267 468 3311; x_wconf 88' lang='lat' dir='ltr'>et</span> <span class='ocrx_word' id='word_1_349' title='bbox 483 3261 587 3312; x_wconf 79' lang='lat' dir='ltr'>Falisco</span> <span class='ocrx_word' id='word_1_350' title='bbox 639 3261 748 3312; x_wconf 81' lang='lat' dir='ltr'>ntmtieh</span> <span class='ocrx_word' id='word_1_351' title='bbox 769 3276 830 3323; x_wconf 89' lang='lat' dir='ltr'>„aus</span> <span class='ocrx_word' id='word_1_352' title='bbox 847 3260 891 3312; x_wconf 90' lang='lat' dir='ltr'>der</span> <span class='ocrx_word' id='word_1_353' title='bbox 900 3261 1038 3321; x_wconf 81' lang='lat' dir='ltr'>Proninu“;</span> <span class='ocrx_word' id='word_1_354' title='bbox 1057 3261 1108 3326; x_wconf 87' lang='lat' dir='ltr'>vgl.</span> <span class='ocrx_word' id='word_1_355' title='bbox 1119 3276 1150 3311; x_wconf 85' lang='lat' dir='ltr'>zu</span> 
     </span>
     <span class='ocr_line' id='line_1_39' title="bbox 78 3328 982 3407; baseline 0.003 -27"><span class='ocrx_word' id='word_1_356' title='bbox 78 3336 105 3380; x_wconf 86' lang='lat' dir='ltr'>et</span> <span class='ocrx_word' id='word_1_357' title='bbox 124 3328 254 3395; x_wconf 81' lang='lat' dir='ltr'>Capenati</span> <span class='ocrx_word' id='word_1_358' title='bbox 271 3329 337 3378; x_wconf 77' lang='lat' dir='ltr'>tatto</span> <span class='ocrx_word' id='word_1_359' title='bbox 357 3335 507 3394; x_wconf 79' lang='lat' dir='ltr'>occupatae.</span> <span class='ocrx_word' id='word_1_360' title='bbox 642 3330 681 3392; x_wconf 89' lang='grc'>79,</span> <span class='ocrx_word' id='word_1_361' title='bbox 703 3334 711 3380; x_wconf 95' lang='lat' dir='ltr'>l</span> <span class='ocrx_word' id='word_1_362' title='bbox 734 3345 758 3381; x_wconf 89' lang='lat' dir='ltr'>u.</span> <span class='ocrx_word' id='word_1_363' title='bbox 777 3333 819 3392; x_wconf 89' lang='grc'>78,</span> <span class='ocrx_word' id='word_1_364' title='bbox 838 3332 861 3381; x_wconf 84' lang='grc'><strong>4.</strong></span> <span class='ocrx_word' id='word_1_365' title='bbox 977 3396 982 3407; x_wconf 43' lang='grc' dir='ltr'>Ι</span> 
     </span>
     <span class='ocr_line' id='line_1_40' title="bbox 112 3393 1151 3530; baseline -0.003 -14"><span class='ocrx_word' id='word_1_366' title='bbox 112 3399 587 3530; x_wconf 58' lang='lat' dir='ltr'>attenuataetthit„</span> <span class='ocrx_word' id='word_1_367' title='bbox 640 3396 719 3517; x_wconf 54' lang='lat' dir='ltr'>,tlt</span> <span class='ocrx_word' id='word_1_368' title='bbox 737 3403 763 3518; x_wconf 78' lang='lat' dir='ltr'>l</span> <span class='ocrx_word' id='word_1_369' title='bbox 781 3393 1151 3528; x_wconf 67' lang='lat' dir='ltr'>attrectatum</span> 
     </span>
     <span class='ocr_line' id='line_1_41' title="bbox 78 3529 1152 3600; baseline 0 -18"><span class='ocrx_word' id='word_1_370' title='bbox 78 3537 132 3600; x_wconf 77' lang='lat' dir='ltr'>ipsi</span> <span class='ocrx_word' id='word_1_371' title='bbox 148 3534 194 3585; x_wconf 89' lang='lat' dir='ltr'>mit</span> <span class='ocrx_word' id='word_1_372' title='bbox 210 3547 310 3599; x_wconf 73' lang='lat' dir='ltr'>poenae</span> <span class='ocrx_word' id='word_1_373' title='bbox 327 3537 478 3581; x_wconf 75' lang='lat' dir='ltr'>metuerunt</span> <span class='ocrx_word' id='word_1_374' title='bbox 492 3547 523 3582; x_wconf 91' lang='lat' dir='ltr'>zu</span> <span class='ocrx_word' id='word_1_375' title='bbox 533 3547 588 3582; x_wconf 88' lang='lat' dir='ltr'>ver·</span> <span class='ocrx_word' id='word_1_376' title='bbox 640 3533 807 3599; x_wconf 84' lang='lat' dir='ltr'>hegennenen</span> <span class='ocrx_word' id='word_1_377' title='bbox 830 3533 1017 3595; x_wconf 86' lang='lat' dir='ltr'>Gelonisaticn,</span> <span class='ocrx_word' id='word_1_378' title='bbox 1042 3529 1152 3582; x_wconf 82' lang='lat' dir='ltr'>welcher</span> 
     </span>
     <span class='ocr_line' id='line_1_42' title="bbox 78 3598 1150 3667; baseline -0.002 -15"><span class='ocrx_word' id='word_1_379' title='bbox 78 3601 180 3666; x_wconf 90' lang='lat' dir='ltr'>hinden,</span> <span class='ocrx_word' id='word_1_380' title='bbox 199 3600 269 3652; x_wconf 90' lang='lat' dir='ltr'>nicht</span> <span class='ocrx_word' id='word_1_381' title='bbox 287 3600 332 3650; x_wconf 90' lang='lat' dir='ltr'>mit</span> <span class='ocrx_word' id='word_1_382' title='bbox 350 3602 430 3661; x_wconf 85' lang='lat' dir='ltr'>uieti;</span> <span class='ocrx_word' id='word_1_383' title='bbox 448 3598 589 3663; x_wconf 80' lang='lat' dir='ltr'>dies(=ee&#39;</span> <span class='ocrx_word' id='word_1_384' title='bbox 640 3606 724 3652; x_wconf 84' lang='lat' dir='ltr'>auerst</span> <span class='ocrx_word' id='word_1_385' title='bbox 743 3602 825 3663; x_wconf 87' lang='lat' dir='ltr'>Utica,</span> <span class='ocrx_word' id='word_1_386' title='bbox 843 3604 929 3667; x_wconf 74' lang='lat' dir='ltr'>spater</span> <span class='ocrx_word' id='word_1_387' title='bbox 946 3599 1075 3667; x_wconf 85' lang='lat' dir='ltr'>Karthago</span> <span class='ocrx_word' id='word_1_388' title='bbox 1093 3614 1150 3650; x_wconf 88' lang='lat' dir='ltr'>u.a.</span> 
     </span>
     <span class='ocr_line' id='line_1_43' title="bbox 77 3667 1043 3736; baseline 0.001 -17"><span class='ocrx_word' id='word_1_389' title='bbox 77 3669 253 3731; x_wconf 65' lang='lat' dir='ltr'>victitarent)</span> <span class='ocrx_word' id='word_1_390' title='bbox 271 3668 526 3734; x_wconf 84' lang='lat' dir='ltr'>,alsbezwungene“</span> <span class='ocrx_word' id='word_1_391' title='bbox 537 3668 589 3719; x_wconf 90' lang='lat' dir='ltr'>und</span> <span class='ocrx_word' id='word_1_392' title='bbox 640 3669 710 3720; x_wconf 88' lang='lat' dir='ltr'>ihren</span> <span class='ocrx_word' id='word_1_393' title='bbox 729 3671 861 3736; x_wconf 86' lang='lat' dir='ltr'>Ursprung</span> <span class='ocrx_word' id='word_1_394' title='bbox 878 3667 1043 3733; x_wconf 79' lang='lat' dir='ltr'>qerdanlrten.</span> 
     </span>
     <span class='ocr_line' id='line_1_44' title="bbox 78 3735 1019 3804; baseline 0.002 -17"><span class='ocrx_word' id='word_1_395' title='bbox 78 3737 182 3803; x_wconf 82' lang='lat' dir='ltr'>lolglich</span> <span class='ocrx_word' id='word_1_396' title='bbox 213 3743 405 3804; x_wconf 85' lang='lat' dir='ltr'>„gezwnngen“</span> <span class='ocrx_word' id='word_1_397' title='bbox 432 3735 502 3788; x_wconf 90' lang='lat' dir='ltr'>steht</span> <span class='ocrx_word' id='word_1_398' title='bbox 531 3735 587 3787; x_wconf 85' lang='lat' dir='ltr'>dem</span> <span class='ocrx_word' id='word_1_399' title='bbox 676 3736 742 3788; x_wconf 81' lang='grc'><strong>77777</strong></span> <span class='ocrx_word' id='word_1_400' title='bbox 761 3738 866 3804; x_wconf 77' lang='lat' dir='ltr'>Syrtis:</span> <span class='ocrx_word' id='word_1_401' title='bbox 885 3752 915 3786; x_wconf 87' lang='lat' dir='ltr'>zu</span> <span class='ocrx_word' id='word_1_402' title='bbox 938 3740 976 3797; x_wconf 88' lang='grc'>79,</span> <span class='ocrx_word' id='word_1_403' title='bbox 995 3740 1019 3789; x_wconf 88' lang='grc'><strong>3.</strong></span> 
     </span>
     <span class='ocr_line' id='line_1_45' title="bbox 78 3803 1152 3872; baseline -0.002 -16"><span class='ocrx_word' id='word_1_404' title='bbox 78 3805 194 3856; x_wconf 81' lang='lat' dir='ltr'>volenter</span> <span class='ocrx_word' id='word_1_405' title='bbox 220 3805 373 3872; x_wconf 84' lang='lat' dir='ltr'>gegeniiber.</span> <span class='ocrx_word' id='word_1_406' title='bbox 420 3804 465 3857; x_wconf 82' lang='lat' dir='ltr'>ilie</span> <span class='ocrx_word' id='word_1_407' title='bbox 491 3804 589 3856; x_wconf 83' lang='lat' dir='ltr'>Aucrd·</span> <span class='ocrx_word' id='word_1_408' title='bbox 675 3821 771 3856; x_wconf 77' lang='lat' dir='ltr'>erere:</span> <span class='ocrx_word' id='word_1_409' title='bbox 791 3804 871 3867; x_wconf 88' lang='lat' dir='ltr'>„nach</span> <span class='ocrx_word' id='word_1_410' title='bbox 891 3803 1152 3857; x_wconf 82' lang='lat' dir='ltr'>derwirlrlichenna-</span> 
     </span>
    </p>
   </div>
   <div class='ocr_carea' id='block_1_5' title="bbox 0 0 1306 4358">
    <p class='ocr_par' dir='ltr' id='par_1_6' title="bbox 0 0 1306 4358">
     <span class='ocr_line' id='line_1_46' title="bbox 0 0 1306 4358; baseline 0 0"><span class='ocrx_word' id='word_1_411' title='bbox 0 0 1306 4358; x_wconf 95' lang='lat' dir='ltr'> </span> 
     </span>
    </p>
   </div>
  </div>
 </body>
</html>
