2602 4358
161 180 223 241 210
531 182 558 234 (ἓ.
577 178 730 234 sallusti
748 179 849 233 cntsrt

162 372 249 436 quam
266 353 380 429 decere,
397 354 447 433 qni
462 370 568 414 manus
584 353 746 427 armaverit,
765 352 801 413 ab
817 352 939 414 inermis
953 352 1078 433 pedibus
1092 351 1239 414 auxilium

162 450 274 521 petere,
290 440 320 500 in
336 457 473 500 maxumo
487 448 566 499 metu
585 439 696 499 nudum
712 449 741 500 ot
757 456 876 500 caecum
893 456 1002 518 corpus
1014 438 1048 499 ad
1060 436 1155 498 hostis
1166 456 1237 499 ror-

131 534 233 587 atera
271 525 344 586 llein
363 524 512 599 Volucem,
527 524 667 603 quoniam
683 523 800 584 hostilia
816 524 934 597 laceret,
950 523 1047 584 lovem
1062 541 1237 585 maxumum

107 666 113 675 .
161 611 340 683 obtestatus,
365 618 398 670 nt
412 608 531 670 sceleris
552 617 640 688 atque
655 608 794 689 perfidiae
810 609 919 670 Bocchi
941 609 1024 669 testis
1043 609 1175 684 adesset,
1200 628 1238 671 cx

131 707 146 757 3
161 696 264 758 castris
280 695 360 756 abire
375 694 465 755 iubet.
504 694 556 755 llle
572 694 738 755 lacrumans
754 712 855 769 orare,
879 712 915 755 ne
937 712 969 755 ea
986 694 1133 755 crederet:
1157 694 1236 756 nihil

162 782 229 843 dolo
245 782 371 856 lactum,
387 798 420 840 ac
434 779 528 859 magis
543 780 697 841 calliditate
713 780 888 859 Iugurthae,
912 779 959 840 cui
976 779 1110 841 videlicet
1123 798 1235 860 specu-

130 867 232 929 llanti
248 866 304 927 iter
318 884 405 926 suum
423 864 574 943 cognitum
592 874 684 940 osset3
701 874 841 941 ceterum,
858 864 997 944 quoniam
1014 884 1111 945 neque
1126 865 1235 943 ingen-

160 960 219 1013 tem
234 951 451 1012 multitudinem
464 950 594 1025 haberet,
610 960 639 1011 et
650 969 719 1029 spes
732 969 862 1030 opesque
873 950 938 1011 eius
950 969 984 1011 ex
996 959 1078 1029 patre
1089 968 1144 1011 suo
1157 968 1235 1030 pen-

161 1039 274 1111 derent,
291 1037 411 1097 credere
427 1035 508 1095 illum
525 1035 598 1095 nihil
614 1036 709 1115 palam
725 1054 877 1110 ausurum,
893 1054 960 1096 cum
977 1036 1040 1114 ipso
1054 1036 1133 1097 tilius
1149 1036 1234 1097 tostis

130 1123 289 1195 tadessct3
306 1139 363 1200 qua
379 1139 411 1181 re
427 1128 581 1201 optumum
604 1121 684 1183 lactu
698 1122 789 1182 videri
806 1139 859 1200 per
874 1122 969 1182 media
984 1121 1048 1182 eius
1069 1128 1164 1183 castra
1179 1139 1234 1201 pa·

159 1208 216 1269 lam
231 1208 372 1278 transire;
388 1224 469 1280 sese,
485 1205 529 1266 vel
545 1206 714 1286 praemissis
729 1207 773 1267 vel
789 1206 896 1267 ibidem
912 1206 1024 1268 relictis
1038 1206 1165 1281 Mauris,
1183 1224 1234 1268 so·

128 1292 220 1353 tllum
237 1310 304 1352 cum
320 1291 401 1352 Sulla
417 1291 538 1352 iturum.
562 1291 602 1352 Ea
618 1311 666 1353 ros
681 1294 724 1352 uti
737 1294 767 1353 in
780 1292 829 1352 tali
842 1293 960 1370 nogotio
973 1292 1109 1371 prohata3
1126 1310 1161 1353 ac
1172 1300 1233 1353 sta·

159 1378 211 1437 tim
228 1378 362 1457 proiecti,
380 1377 496 1456 quiade
511 1376 662 1457 inproviso
675 1378 852 1450 acciderant,
869 1377 958 1437 dubio
969 1386 1057 1456 atque
1069 1376 1234 1439 haesitante

127 1472 142 1522 t
158 1462 299 1541 iugurtha
315 1462 480 1523 incolumes
495 1472 660 1523 transeunt.
683 1463 795 1537 Deinde
811 1462 913 1542 paucis
929 1462 1032 1524 dicbus
1049 1480 1108 1541 quo
1124 1463 1169 1525 ire
1185 1463 1233 1523 in-

157 1548 314 1609 tenderant
327 1558 500 1627 perventum
517 1556 570 1607 est.

96 1632 150 1691 tos
245 1632 288 1693 lbi
305 1651 372 1693 cum
388 1632 504 1692 boccho
520 1632 644 1694 Numida
665 1631 782 1711 quidam
800 1634 893 1712 Aspar
913 1632 1033 1693 nomine
1053 1631 1182 1693 multum
1204 1642 1233 1693 ot

156 1718 339 1779 familiariter
359 1717 477 1795 agebat,
500 1718 678 1796 praemissus
700 1716 736 1777 ab
759 1717 915 1796 Iugurtha,
939 1726 1093 1797 postquam
1116 1716 1232 1779 Sullam

156 1804 281 1864 accitum
298 1802 445 1877 audierat,
468 1810 567 1862 orator
582 1810 611 1863 et
626 1802 749 1863 subdole
764 1803 947 1882 speculatum
963 1803 1072 1864 Bocchi
1088 1804 1230 1879 consilia;

156 1896 307 1968 praeterea
323 1887 418 1948 [labar
432 1887 636 1967 Massugradae
650 1887 738 1960 filius,
755 1906 789 1949 er
801 1896 888 1966 gente
899 1888 1080 1963 Masinissae,
1096 1896 1231 1950 ceterum

156 1982 290 2035 materno
306 1990 415 2051 genere
431 1972 526 2052 impar
536 2007 577 2017 -
590 1992 657 2033 nam
672 1981 757 2052 pater
771 1973 835 2034 eius
847 1993 882 2035 cx
894 1974 1059 2035 concubina
1071 1982 1156 2035 ortus
1168 1982 1233 2035 erat

127 2070 199 2121 2-
210 2059 312 2120 Mauro
328 2058 366 2119 ob
382 2058 483 2136 ingoni
498 2058 590 2120 multa
606 2058 682 2119 bona
699 2076 784 2119 carus
799 2068 1007 2139 acceptusque
1041 2057 1137 2130 Quem
1152 2058 1231 2120 Boc·

157 2144 231 2205 chus
246 2144 337 2204 fidum
353 2162 418 2204 esse
430 2143 571 2203 Romanis
582 2143 683 2205 multis
694 2152 762 2204 ante
773 2145 996 2224 tempestatibus
1009 2152 1148 2223 expertus
1159 2144 1231 2206 ilico

156 2229 191 2289 ad
208 2228 318 2290 Sullam
336 2229 502 2289 nuntiatum
517 2228 622 2288 mittit:
646 2238 779 2309 paratum
795 2248 859 2291 sese
881 2231 978 2291 lacere
1000 2247 1075 2309 quae
1094 2229 1230 2309 populus

155 2312 307 2374 Romanus
322 2313 422 2387 vellot3
445 2313 606 2391 conloquio
628 2314 704 2376 diem
720 2314 817 2376 locum
840 2327 957 2396 tempus
977 2316 1041 2395 ipse
1063 2314 1230 2394 delegarem

156 2398 290 2460 consulta
305 2417 370 2460 sese
385 2399 483 2460 omnia
499 2417 566 2459 cum
579 2399 628 2460 illo
641 2400 754 2480 integra
766 2400 890 2475 habere;
907 2420 966 2462 neu
977 2400 1137 2479 Iugurthae
1148 2399 1231 2480 lega-

189 2571 454 2618 aaonuaormoocrit:
472 2566 506 2619 ist
521 2566 575 2618 hier
588 2568 665 2619 nach·
717 2565 1134 2619 mannichtsBessereszuwahlon
1144 2565 1231 2632 hatte)

154 2632 330 2687 druclrsrollcr
352 2634 405 2687 und
424 2635 603 2687 absichtlicher
622 2652 664 2703 gc·
716 2635 863 2687 verbanden
882 2650 942 2687 war.
978 2634 1047 2687 llcnn
1072 2633 1139 2686 ohne
1157 2634 1232 2688 diosc

154 2702 271 2766 braucht‚
291 2704 328 2755 als
347 2702 388 2757 Or.
408 2704 472 2754 Phil.
493 2706 534 2756 20.
718 2702 1229 2770 Verglelcbunganzustollemhittsmau

187 2772 289 2821 nudum
308 2777 334 2822 at
344 2786 451 2822 coccum
467 2787 580 2837 corpus:
599 2772 664 2834 „den
715 2772 757 2824 die
767 2772 983 2840 vorgeschlagene
993 2786 1027 2824 an
1042 2769 1095 2823 sich
1111 2770 1173 2822 sehr
1184 2772 1230 2823 be·

152 2838 249 2905 Korper
258 2838 288 2888 da
306 2854 347 2889 wo
357 2854 384 2890 er
400 2839 569 2905 ungeschdtzt
584 2840 664 2903 (nicht
715 2839 849 2892 denkliche
862 2839 998 2906 blassrrgcl
1017 2838 1088 2891 nicht
1104 2839 1230 2891 annchm-

152 2922 212 2958 vom
227 2905 312 2957 Schild
328 2905 448 2971 gedeclrt)
462 2905 513 2955 und
527 2906 596 2957 blind
613 2908 662 2958 ist“
714 2907 760 2957 bar
776 2906 861 2960 finden
881 2907 995 2967 konncm
1015 2908 1074 2958 aber
1087 2911 1164 2959 unter
1177 2907 1229 2959 den

152 2974 179 3025 d.
196 2974 213 3024 i.
232 2973 280 3023 den
300 2971 412 3023 Rdcken.
448 2972 516 3022 Ganz
535 2973 584 3022 wic
598 2973 661 3025 lien.
714 2974 1027 3040 gcgebeuenUmstdnden
1043 2974 1108 3042 (also
1123 2976 1228 3041 relatio)

152 3042 244 3109 Cyrop.
257 3043 281 3102 3,
291 3042 316 3103 3,
332 3042 364 3092 db
379 3036 476 3106 μωρὸν
490 3035 544 3105 γὰρ
556 3036 586 3088 τὸ
597 3056 662 3108 κρα-
713 3055 767 3092 war
785 3043 822 3093 sie
840 3044 881 3095 die
899 3044 978 3096 besto.

151 3112 210 3161 τεῖν
233 3105 415 3174 βουλομένους
436 3103 471 3155 τὰ
496 3102 588 3172 τυφλὰ
611 3109 661 3157 τοῦ
747 3115 855 3175 nogotio
883 3113 931 3163 wie
959 3111 1011 3162 Gal.
1037 3112 1083 3173 29,
1106 3113 1135 3171 2;
1172 3111 1227 3179 lug.

152 3173 281 3257 culpatos
306 3172 351 3224 uui
378 3171 468 3224 ἄοπλα
491 3170 536 3224 καὶ
562 3169 661 3240 α’χειρα
714 3179 737 3240 6,
757 3179 779 3228 2.

150 3261 239 3295 ταυτα
257 3239 368 3294 ἐναντία
387 3241 494 3293 τάττειν
512 3243 569 3297 τοῖς
586 3240 660 3290 πολε·
748 3245 917 3296 acciderant:
936 3261 967 3297 zu
986 3248 1061 3309 88,6,

150 3309 225 3381 ploos
243 3306 406 3378 φεύγοντας.
745 3310 807 3366 1⁰8.
837 3317 858 3364 t.
882 3319 992 3364 orator:
1017 3313 1066 3365 ller
1089 3310 1228 3381 Srecher,

186 3384 208 3433 3.
229 3396 263 3431 oc
280 3383 383 3445 magia.-
401 3378 451 3430 llas
460 3377 518 3428 dom
527 3375 597 3454 nibil
606 3380 660 3453 opt·
711 3377 872 3430 Worthlhrer
908 3382 977 3433 einer
1017 3329 1228 3449 denudandam,

151 3447 308 3516 sprcchendc
323 3447 433 3515 positive
443 3445 547 3507 Subject
563 3442 660 3493 isthm-
711 3443 777 3495 dann
797 3445 842 3498 der
859 3447 986 3502 Gesandte
1002 3449 1156 3516 uberhaupt.

150 3516 330 3583 zuzudenken3
357 3519 445 3580 magis
464 3512 516 3563 hier
534 3508 659 3561 durchaus
746 3529 780 3562 cao
787 3521 868 3577 genta
878 3516 1047 3569 Masinissae:
1056 3516 1144 3570 blaseo
1193 3518 1227 3571 da

151 3601 180 3638 so
198 3584 249 3636 viel
268 3584 318 3636 wie
335 3586 432 3650 potius.
600 3642 639 3655 Η
708 3592 761 3630 war
771 3580 863 3633 hbchst
873 3584 1084 3638 wahrschclnlich
1095 3584 1138 3637 eiu
1189 3586 1225 3638 lin

185 3657 209 3707 6.
233 3656 275 3703 uti
293 3656 321 3702 in
340 3651 390 3702 toli
407 3648 530 3715 nogotio:
557 3643 580 3694 d.
598 3658 613 3693 1.
633 3658 658 3693 m
709 3644 754 3699 dee
771 3648 913 3703 Masinissa.

70 3756 77 3771 .
149 3720 272 3772 Batracht
296 3719 356 3772 oder
379 3717 443 3769 nach
462 3711 596 3778 Masogabe
613 3709 658 3789 des
744 3716 766 3765 2.
787 3722 905 3783 tempus.-
928 3718 1067 3780 „Stunde“.

149 3788 310 3853 Umstandes‚
320 3787 379 3839 dass
389 3786 445 3837 eine
455 3780 542 3835 solchc
551 3777 658 3830 schwre-
726 3785 864 3857 'conculta
883 3790 945 3838 etc:
972 3788 1075 3840 bczleht
1096 3790 1154 3843 sich
1181 3792 1230 3843 aui
1275 3814 1281 3823 ·

148 3856 280 3923 rigebage
291 3854 376 3919 (naml.
393 3854 449 3906 eine
465 3847 561 3912 solche,
575 3844 656 3896 worln
708 3845 748 3898 dre
767 3864 789 3901 c.
810 3854 858 3902 102
877 3854 1024 3908 erwdhnten
1043 3855 1227 3913 Verbandluu·
