2602 4358
159 169 219 230 170
525 172 553 222 G.
571 168 724 223 seclusit
741 168 843 222 crustu

129 345 250 425 agloria
266 362 398 424 opesque
413 343 558 405 inventae.
595 343 689 422 lgitur
710 343 864 422 utriusque
886 341 1011 403 oonsilio
1029 340 1091 403 dies
1113 340 1234 403 insidiis

128 442 143 491 a
159 431 312 502 statuitur3
329 439 434 503 cetera
451 427 495 490 uti
505 446 554 489 res
566 437 711 507 posceret,
727 446 762 488 ex
773 437 907 507 tempore
919 427 1014 506 parari
1029 427 1156 506 placuit3
1172 424 1233 488 Na·

158 515 256 576 bdalsa
271 515 306 577 ad
324 515 483 576 exercitum
499 513 665 593 proiectus,
688 530 776 591 quem
791 513 870 573 inter
890 512 1012 574 hiberna
1027 512 1233 574 Romanorum

130 612 144 660 t
162 601 259 662 iussus
275 599 407 675 babebat,
424 618 461 660 ne
476 618 546 678 ager
562 599 664 660 inultis
680 597 813 658 hostibus
829 606 999 658 vastaretur.
1028 597 1057 658 is
1072 605 1233 678 postquam

158 684 361 764 magnitudine
381 684 521 745 facinoris
541 684 698 765 perculsus
712 683 747 744 ad
763 691 881 761 tempus
896 701 957 743 non
973 682 1053 744 venit
1073 690 1233 762 metusque

159 791 221 833 rem
238 770 429 850 impediebat,
445 770 606 844 Bomilcar,
622 768 710 830 simul
726 768 851 848 cupidus
866 769 983 849 incepta
998 767 1133 848 patrandi
1149 775 1179 829 et
1193 768 1233 830 ti·

159 875 241 918 mora
256 856 317 916 soci
333 856 454 930 anxius,
476 874 514 915 ne
536 855 646 916 omisso
668 863 765 915 vetere
786 853 911 915 consilio
935 871 1042 914 novum
1064 861 1233 932 qaaeroeet,

159 942 270 1003 litteras
286 941 320 1001 ad
336 959 403 1002 eum
419 959 473 1020 per
487 940 623 1001 homines
637 939 733 1000 tidelis
747 939 851 1013 mittit,
872 939 903 1000 in
920 939 987 1019 quis
1004 938 1159 1001 mollitiam
1180 956 1233 1001 so·

159 1026 348 1105 cordiamque
364 1025 416 1085 viri
431 1044 584 1099 accusare,
601 1025 701 1085 testari
717 1025 803 1098 deos,
819 1043 873 1104 per
888 1043 964 1103 quos
978 1024 1150 1100 iuravisset,
1165 1042 1234 1086 mo·

159 1130 246 1185 nere,
269 1130 307 1172 ne
322 1112 449 1189 praemia
465 1109 572 1171 Metelli
588 1110 618 1171 in
635 1118 748 1188 pestem
768 1118 969 1171 convorteret:
995 1110 1156 1188 lugurtbae
1169 1111 1235 1171 axi·

159 1197 231 1258 tium
247 1196 364 1268 adesse;
388 1206 533 1269 ceterum,
550 1212 643 1255 suane
657 1213 694 1256 an
710 1194 818 1255 Metelli
834 1195 940 1256 virtute
955 1195 1082 1274 periret,
1097 1195 1127 1255 id
1142 1195 1234 1257 modo

160 1281 279 1360 agitari:
297 1280 421 1359 proinde
434 1289 584 1359 reputaret
595 1297 663 1340 oum
675 1280 773 1341 animo
788 1298 854 1354 suo,
870 1279 998 1359 praemia
1013 1298 1050 1342 an
1067 1281 1235 1343 cruciatum

91 1362 94 1369 '
118 1367 149 1423 ll
160 1365 268 1426 mallet.
298 1365 355 1426 Sed
371 1384 439 1426 cum
450 1385 501 1426 eae
516 1365 629 1426 litterae
640 1365 760 1441 adlatae,
776 1366 850 1425 sorte
862 1364 1005 1426 Nabdalsa
1020 1365 1150 1428 exercito
1164 1383 1235 1427 cor·

130 1461 232 1532 apore
254 1451 349 1511 lessus
371 1452 400 1512 in
417 1451 493 1512 lecto
509 1449 693 1530 quiescebat,
720 1450 770 1510 ubi
798 1450 924 1528 cognitis
939 1449 1111 1511 Bomilcaris
1136 1450 1236 1513 verbis

130 1545 144 1596 ³
159 1536 255 1617 primo
268 1553 348 1609 cura,
360 1535 476 1609 deinde,
488 1536 531 1596 uti
542 1554 661 1615 aegrum
672 1535 802 1596 animum
815 1534 898 1608 solet,
914 1552 1037 1597 somnus
1050 1535 1139 1614 cepit
1161 1535 1235 1597 Erat

160 1622 185 1682 ei
198 1620 322 1681 Numida
338 1621 456 1700 quidam
471 1621 657 1700 negotiorum
674 1629 802 1692 curator,
818 1620 894 1681 fidus
909 1629 1108 1700 acceptusque
1122 1628 1153 1681 et
1167 1638 1234 1683 om·

129 1715 144 1765 t
160 1706 241 1768 nium
258 1705 449 1767 consiliorum
463 1705 520 1767 nisi
532 1705 693 1768 novissumi
709 1706 866 1785 particeps.
897 1704 964 1780 Qui,
980 1715 1137 1785 postquam
1152 1704 1236 1768 adla-

159 1802 202 1852 tas
225 1791 336 1851 litteras
351 1791 458 1853 audivit
475 1799 504 1852 et
526 1811 559 1852 ex
583 1790 799 1852 consuetudine
822 1797 902 1851 ratus
925 1809 1014 1870 opera
1037 1799 1088 1852 aut
1109 1791 1235 1871 ingenio

160 1894 213 1936 suo
230 1893 306 1954 opus
321 1894 386 1936 asse
401 1876 432 1936 in
448 1875 669 1938 tabernaculum
685 1875 808 1951 introiit,
828 1875 993 1937 dormiente
1008 1875 1058 1936 illo
1074 1875 1235 1955 epistulam

159 1978 251 2040 super
265 1969 353 2040 caput
367 1961 397 2021 in
413 1961 534 2041 pulvino
549 1972 660 2022 temere
683 1961 807 2040 positam
829 1960 919 2021 sumit
940 1979 975 2022 ao
997 1961 1138 2040 perlegit,
1162 1960 1235 2023 dein

131 2059 288 2126 apropera
304 2046 430 2125 cognitis
445 2045 558 2108 insidiis
573 2046 607 2107 ad
624 2064 722 2125 rogem
742 2045 848 2126 pergit.
888 2045 1031 2108 Nabdalsa
1053 2044 1142 2126 paulo
1165 2054 1238 2128 post

160 2138 350 2210 experrectus
361 2131 411 2192 ubi
425 2150 522 2211 neque
537 2130 691 2211 epistulam
707 2132 839 2211 repperit
854 2140 883 2191 et
897 2149 960 2192 rem
975 2149 1093 2192 omnem
1110 2131 1154 2192 uti
1170 2140 1236 2194 acta

160 2226 221 2276 erat
234 2216 381 2293 cognovit,
397 2218 494 2296 primo
506 2216 632 2278 indicem
648 2216 787 2296 persequi
804 2227 937 2290 conatus,
953 2225 1111 2296 postquam
1126 2216 1157 2278 id
1168 2218 1236 2279 sru-

160 2309 218 2362 stra
230 2300 295 2376 luit,
311 2300 482 2378 Iugurtham
494 2301 628 2382 placandi
641 2302 732 2380 gratia
743 2300 870 2375 accedit;
887 2301 965 2377 dicit,
982 2320 1057 2382 quae
1069 2300 1134 2382 ipse
1145 2320 1236 2383 para·

158 2385 246 2446 visset
257 2385 363 2461 lacere,
379 2387 501 2465 perfidia
515 2386 630 2448 clientis
642 2387 688 2447 sui
699 2393 872 2466 praeventa3
888 2385 1055 2449 lacrumans
1068 2387 1238 2450 obtestatur

158 2489 213 2550 per
227 2470 382 2531 amicitiam
399 2491 511 2552 perque
527 2491 579 2533 sua
595 2483 680 2534 antea
694 2470 819 2533 fideliter
834 2482 913 2548 acta,
936 2491 973 2533 ne
988 2490 1079 2551 super
1093 2472 1143 2534 tali
1168 2490 1237 2536 soe·

159 2636 244 2673 wesen
265 2627 374 2673 waren.“
403 2621 473 2674 Naba
490 2597 666 2689 liegtdietlat.
751 2624 822 2672 roei:
841 2621 996 2686 subjectiver
1013 2620 1129 2674 Genetir.

159 2692 201 2753 to,
216 2693 255 2754 ll,
274 2689 329 2756 lug.
346 2693 410 2755 ott
431 2689 550 2757 gelteude.
569 2689 666 2743 Bedeu·
754 2693 860 2755 comae,
878 2706 927 2740 ne:
945 2689 998 2808 vgl.
1016 2693 1031 2743 6

159 2764 235 2825 tung,
260 2756 310 2809 und
335 2757 381 2810 das
405 2759 474 2810 reine
492 2759 579 2826 ,tibrig
596 2758 667 2810 sein“
751 2773 850 2808 ruane:
876 2756 900 2810 d.
919 2758 935 2810 i.
976 2771 1004 2810 es
1026 2693 1157 2811 dimitam
1180 2758 1236 2831 und

160 2825 200 2877 0r.
219 2825 278 2891 Lep.
301 2828 339 2878 tt.
718 2825 854 2879 Nabdalsa.
889 2826 917 2876 ln
942 2824 986 2877 der
1009 2825 1123 2879 directan
1150 2824 1237 2880 Rade-

194 2896 217 2949 4.
236 2893 329 2945 inultr'e
348 2894 479 2943 bertilae:
503 2893 560 2945 abt.
579 2893 668 2954 abacia
719 2892 783 2945 torm
802 2892 890 2945 werde
908 2900 1036 2945 nostrone
1052 2893 1155 2947 slehen.

160 2975 251 3027 wegen
269 2959 314 3011 der
332 2959 483 3027 Bedeotuog
505 2976 556 3012 von
574 2962 668 3012 inetur
754 2961 794 3015 71.
815 2965 837 3014 1.
855 2962 974 3013 adlatae.
992 2963 1168 3029 suppleant5
1183 2962 1235 3017 trie

160 3044 190 3080 au
210 3032 284 3092 58‚b.
718 3031 904 3096 tt,3;109,t.
940 3029 1235 3099 Nieristoum=quo

193 3101 217 3149 5.
234 3101 385 3160 metusque.
396 3133 403 3147 .
413 3095 589 3160 impediebat.-
600 3095 666 3158 ,und
719 3103 845 3164 tempore.

159 3164 313 3216 eomitaeine
323 3161 415 3214 Furcbt
424 3161 469 3214 der
477 3161 559 3216 Saebe
568 3163 669 3216 biuder·
754 3169 777 3218 2.
795 3167 857 3218 ubi.
869 3204 875 3216 .
886 3167 968 3232 oepit:
992 3164 1020 3216 ln
1038 3168 1086 3217 ult
1100 3166 1119 3218 li
1157 3171 1237 3221 ludi

158 3232 208 3284 licit
220 3236 296 3292 war“;
312 3246 343 3282 au
353 3230 405 3282 (lat.
416 3234 440 3296 6,
451 3234 516 3284 3.-
526 3231 583 3284 llian
597 3247 667 3286 muse
719 3237 912 3300 quiescentem
929 3247 960 3284 au
969 3232 1039 3284 eolat
1047 3230 1083 3287 lst
1090 3233 1124 3287 lei
1161 3239 1172 3288 t
1184 3252 1235 3289 aa·

160 3300 279 3364 iabrigens
298 3299 337 3351 bei
353 3298 410 3351 dem
425 3314 522 3366 ganaen
537 3299 612 3353 Satze
625 3301 667 3353 die
718 3318 781 3368 pere
799 3317 830 3353 au
850 3301 989 3369 snppliren.

158 3367 667 3436 Hauptperson,denBomilcar,imAuge
752 3373 777 3423 4.
797 3384 879 3434 opera
898 3374 946 3420 aut
963 3372 1089 3435 ingenie.-
1107 3368 1236 3426 busim

158 3436 277 3490 bebalten
304 3435 355 3487 und
381 3451 430 3487 von
458 3435 549 3489 descen
576 3436 668 3490 Stand·
718 3438 760 3502 ist,
780 3451 823 3499 „es
842 3437 906 3504 gabe
924 3436 1016 3489 Niribn
1030 3438 1237 3495 cameratam

158 3505 256 3572 punkle
280 3518 326 3556 aus
349 3503 395 3556 das
419 3503 484 3557 Gesa
503 3511 529 3557 te
550 3505 666 3566 nebmen,
720 3505 781 3558 oder
799 3520 830 3557 zu
848 3504 975 3558 denken.“

160 3574 198 3626 als
215 3587 289 3624 weon
314 3587 342 3624 es
361 3571 443 3625 bissae
463 3520 517 3635 ,Ns
535 3573 606 3626 Boua.
624 3587 669 3625 zur
754 3577 778 3626 5.
798 3589 865 3639 quae
883 3577 1016 3640 ipseper.
1034 3572 1143 3637 serora.-
1161 3576 1237 3631 nim·

160 3641 321 3693 bestimmten
331 3639 385 3692 Zeit
402 3640 450 3692 den
465 3640 547 3695 Nabd.
562 3641 669 3709 vergeb·
719 3641 770 3694 licb
788 3640 829 3694 dia
846 3641 959 3709 Anaeige
976 3641 1017 3692 bei
1033 3640 1173 3711 iugurtha.

159 3708 209 3759 lieh
219 3713 352 3760 erwartete
370 3707 419 3759 und
430 3709 507 3762 somit
524 3709 602 3762 durcb
612 3710 669 3762 des·
752 3725 847 3776 super:
865 3724 913 3762 nur
927 3708 981 3761 hier
993 3709 1019 3760 in
1033 3708 1119 3764 dieser
1132 3710 1237 3767 Bedes-

159 3791 204 3828 sen
222 3776 314 3828 Furebt
337 3775 378 3828 die
396 3776 477 3829 Sacbe
498 3779 538 3830 ins
556 3776 667 3831 Stoclten
719 3782 792 3845 tung,
815 3777 866 3829 und
884 3777 1027 3845 uberhaupt
1044 3792 1078 3831 su
1095 3776 1160 3833 Sall.
1178 3778 1238 3834 zeti

159 3843 280 3911 geratben
298 3843 370 3897 salt“
720 3860 767 3897 nur
784 3845 865 3898 seiten
883 3860 913 3899 so
929 3845 1083 3914 gebrauchte
1099 3846 1239 3917 apdterbln
