2602 4358
420 163 559 216 nucum.
579 162 679 218 cxxxx.
716 164 742 216 c.
761 167 802 217 aa.
951 239 955 249 J
1110 160 1148 222 79

79 339 111 401 Si
125 338 164 399 ita
175 354 223 398 res
235 343 322 410 esset,
337 336 429 397 multo
441 336 678 416 pulcherrumam
692 356 753 398 eam
766 356 821 398 nos
832 337 1021 400 haberemus:
1039 339 1156 418 quippe
1165 355 1194 406 ‘20

79 423 227 485 sociorum
240 430 327 499 atque
339 421 454 497 civium,
471 431 622 501 praeterea
634 440 784 483 armorum
799 433 887 501 atque
900 442 1044 502 equorum
1056 427 1150 485 maior

80 509 163 590 copia
179 507 264 569 nobis
280 525 367 586 quam
383 507 440 568 illia
457 519 510 568 est.
548 507 605 568 Sed
621 507 676 568 alia
692 508 775 569 luere
791 527 866 587 quae
887 508 953 569 illos
969 528 1090 588 magnos
1107 511 1149 570 le·
1164 525 1192 576 21

79 613 155 668 cere,
172 612 247 672 quae
264 591 350 654 nobis
366 592 445 653 nulla
460 601 544 654 sunt:
567 592 646 653 domi
661 593 820 669 industria,
841 593 914 654 loris
929 594 1038 657 iustum
1055 596 1148 673 impe-

78 680 173 753 rium,
189 679 305 739 animus
321 678 352 738 in
369 677 555 739 consulundo
570 677 658 751 liber,
675 696 772 757 neque
788 678 894 740 delicto
911 699 1008 760 neque
1023 679 1149 742 lubidini

79 763 250 826 obnoxius.
268 762 325 822 Pro
341 762 387 822 bis
402 782 458 823 nos
472 762 615 823 habemus
630 762 774 824 luxuriam
795 773 883 842 atque
905 765 1069 841 avaritiam,
1092 783 1148 844 pu·
1163 780 1193 832 tt

78 850 154 912 blice
166 857 334 928 egestatem,
346 848 481 926 privatim
493 848 673 928 opulentiam
680 866 688 921 ;
701 848 853 909 laudamus
865 849 986 925 divitias,
997 850 1149 929 sequimur

78 935 230 1008 inertiam;
252 933 329 994 inter
350 933 445 994 bonos
461 943 490 995 et
504 934 597 995 malos
613 934 769 996 discrimen
793 934 923 1009 nullum,
946 935 1042 996 omnia
1058 935 1149 996 virtu·

78 1021 116 1082 tis
132 1020 259 1102 praemia
275 1019 393 1080 ambitio
416 1020 557 1099 possidet.
594 1019 697 1098 Neque
712 1019 837 1082 mirum:
861 1019 912 1082 ubi
927 1039 978 1080 vos
994 1020 1149 1099 separatim
1165 1036 1195 1086 23

79 1106 134 1167 sibi
150 1105 277 1186 quisque
292 1104 448 1166 consilium
465 1105 585 1185 capitis,
602 1105 653 1165 ubi
670 1106 747 1166 domi
762 1106 978 1185 voluptatibus,
994 1106 1043 1166 hic
1058 1123 1149 1185 pecu·

79 1192 145 1254 niae
160 1200 210 1252 aut
225 1191 334 1269 gratiae
349 1190 473 1265 servitis,
490 1209 524 1252 eo
539 1191 582 1266 tlt,
598 1198 631 1250 ut
641 1190 769 1270 impetus
780 1192 829 1253 liat
843 1191 874 1251 in
886 1209 1005 1252 vacuam
1017 1209 1080 1251 rem
1092 1209 1149 1271 pu·

77 1277 193 1338 blicam.
217 1277 273 1338 Sed
290 1294 345 1354 ego
360 1277 433 1337 haec
448 1276 562 1338 omitto.
592 1276 788 1337 Coniuravere
805 1275 988 1338 nobilissumi
1005 1276 1081 1337 cives
1096 1294 1149 1356 pa·
1164 1291 1195 1343 24

78 1363 163 1423 triam
176 1361 349 1435 incendere;
364 1360 512 1422 Gallorum
525 1369 641 1440 gentem
655 1360 884 1423 infestissumam
896 1361 1149 1423 nominiRomano

78 1448 113 1509 ad
129 1447 239 1509 bellum
255 1455 424 1520 arcessunt;
441 1446 499 1507 dux
514 1447 643 1508 hostium
661 1465 727 1508 cum
744 1448 874 1508 exercitu
890 1464 979 1526 supra
992 1456 1080 1526 caput
1091 1455 1148 1508 est:

78 1552 130 1594 vos
152 1531 331 1593 cunctamini
354 1530 439 1591 etiam
461 1550 543 1592 nunc
558 1541 587 1593 et
603 1531 757 1608 dubitatis,
780 1532 850 1611 quid
872 1532 948 1592 intra
968 1531 1083 1593 moenia
1100 1531 1150 1592 de·
1165 1548 1195 1599 to

80 1617 197 1697 prensis
212 1615 347 1678 hostibus
361 1614 496 1677 faciatis?
525 1617 722 1678 Misereamini
744 1635 851 1679 censeo
866 1651 908 1662 --
924 1617 1074 1697 deliquere
1096 1617 1149 1676 ho·
1163 1632 1194 1683 26

79 1703 175 1764 mines
190 1700 403 1763 adulescentuli
419 1719 473 1780 per
488 1702 676 1763 ambitionem
693 1733 735 1746 -
749 1711 838 1783 atque
853 1703 940 1765 etiam
958 1711 1084 1763 armatos
1106 1702 1150 1762 di·

80 1789 208 1850 mittatis.
249 1786 292 1847 Ne
307 1786 361 1847 ista
377 1786 458 1848 vobis
473 1788 667 1850 mansuetudo
684 1797 712 1850 et
729 1788 945 1863 misericordia,
967 1789 990 1850 si
1008 1788 1049 1849 illi
1072 1803 1194 1854 armam

81 1873 224 1954 ceperint,
240 1872 270 1933 in
281 1871 429 1933 miseriam
446 1882 606 1934 convertat.
637 1873 755 1935 Scilicet
770 1893 817 1935 res
834 1874 896 1954 ipsa
912 1893 1013 1955 aspera
1030 1882 1084 1950 est,
1100 1873 1150 1935 sed
1166 1889 1195 1940 28

78 1977 130 2020 vos
146 1977 207 2020 non
220 1957 329 2020 timetis
345 1976 418 2018 eam.
452 1957 545 2019 lmmo
560 1977 629 2020 vero
646 1978 795 2021 maxume:
820 1960 871 2020 sed
886 1960 990 2021 inertia
1006 1968 1035 2021 et
1055 1958 1150 2019 molli-

79 2045 118 2107 tia
134 2044 224 2106 animi
246 2042 320 2106 alius
335 2042 424 2104 alium
447 2053 651 2124 exspectantes
672 2044 866 2106 cunctamini:
890 2045 1023 2106 videlicet
1045 2044 1089 2105 dis
1105 2043 1151 2104 in·

113 2214 153 2264 tt.
173 2228 242 2277 qnae
260 2212 336 2263 illos.
355 2249 361 2264 .
371 2211 458 2273 fecere
475 2213 508 2264 ist
527 2210 591 2263 Sub·
641 2213 751 2279 publico
769 2225 924 2264 zusammen.

10 2300 16 2314 .
77 2281 133 2344 J'ect
150 2295 181 2330 nu
199 2281 255 2331 alia
273 2279 358 2342 fuere.
678 2284 718 2333 tt.
746 2280 902 2330 incendere:
929 2280 973 2331 der
989 2277 1101 2330 lnfinitiv
1125 2279 1150 2328 in

115 2364 183 2413 quae
202 2387 208 2399 .
228 2387 234 2398 .
253 2349 346 2399 nullo:
364 2349 417 2414 lug.
437 2350 478 2414 86,
498 2351 526 2408 33
546 2346 587 2400 0r.
642 2349 744 2401 freierer
762 2349 874 2408 consue
893 2347 945 2413 vgl.
965 2363 996 2399 zu
1015 2351 1039 2411 b,
1057 2349 1081 2399 9.

78 2416 139 2483 Lep.
157 2419 188 2480 93
207 2415 257 2467 Cic.
275 2431 301 2482 p.
322 2416 380 2469 Sex.
398 2415 589 2476 Rosc.44,128
676 2419 716 2470 25.
736 2418 810 2482 depr.
828 2418 959 2467 nescitus:
983 2415 1052 2467 nicht
1069 2415 1150 2467 absol.

80 2487 145 2535 baec
176 2486 244 2534 bona
274 2487 303 2534 in
336 2485 440 2535 tabulae
469 2484 590 2550 publicos
641 2485 698 2535 Abl.
716 2501 760 2536 zur
770 2484 944 2550 Bestimmnng
962 2483 1006 2535 der
1015 2483 1070 2534 Zeit
1088 2483 1151 2534 oder

79 2553 155 2604 nulla
173 2551 321 2604 redierunt.
641 2551 767 2618 Ursache,
792 2552 902 2604 eoadem
924 2552 973 2603 wie
997 2551 1038 2602 bei
1057 2550 1106 2603 Gic.
1125 2551 1150 2601 in

114 2621 209 2672 delicto
228 2649 260 2658 -
283 2621 414 2671 lubidini:
448 2619 498 2672 Das
523 2624 590 2672 ercle
643 2621 711 2672 Verr.
726 2623 750 2684 2,
768 2623 807 2686 to,
820 2623 853 2672 40
879 2620 945 2686 qnid
971 2621 1020 2670 boo
1047 2621 1152 2669 domine

80 2689 166 2741 macbt
193 2688 241 2740 den
271 2688 342 2741 Geist
371 2687 507 2756 gedinam,
544 2687 589 2741 das
641 2688 746 2749 socios?
764 2691 845 2751 (‚‚was
855 2688 904 2740 soll
915 2702 972 2739 man
991 2687 1038 2738 mit
1056 2687 1151 2739 diesem

80 2757 171 2810 zweite
189 2755 267 2809 blind.
303 2757 359 2824 Vgl.
379 2760 419 2820 51,
439 2759 463 2810 3.
640 2756 778 2808 lllenschen
789 2755 912 2808 machen“
924 2755 1038 2817 od.„mit
1047 2755 1098 2806 ihm
1109 2770 1151 2806 en-

114 2828 156 2878 2³.
178 2829 293 2890 impetus
314 2828 364 2889 liet
382 2829 410 2876 in
435 2840 547 2876 vacnum
565 2841 589 2878 r.
640 2825 777 2892 langen?“)
786 2825 859 2890 qnod
868 2825 1028 2891 supplicium
1039 2823 1152 2889 dignum

77 2911 121 2961 p..·
149 2895 177 2946 ln
203 2893 268 2945 allen
287 2893 452 2946 Ausdruokeu
472 2893 517 2945 dae
532 2893 588 2945 Bild
643 2893 965 2944 libidineeime'noenioe?
980 2892 1152 2959 Vglnuow.

79 2962 124 3014 der
150 2962 333 3030 gewaltsamen
357 2962 590 3029 Besitzergreilung
676 2964 715 3014 26.
741 2964 923 3012 misereamini
940 2965 988 3012 etc.
1023 2960 1152 3013 lroniecbe

80 3031 149 3083 eines
168 3030 297 3084 herrenloe
315 3031 485 3098 gewordenen
501 3030 589 3083 Gutes.
641 3029 836 3097 Aufforderuog.
855 3060 889 3068 —
907 3029 978 3080 Auclr
997 3029 1030 3080 im
1043 3029 1151 3096 Folgen·

80 3099 130 3151 Cic.
155 3115 180 3165 p.
198 3098 256 3150 Sex.
275 3099 349 3152 Rosa.
368 3102 392 3165 8,
411 3103 441 3152 tt
471 3103 500 3150 in
527 3099 590 3150 reli·
641 3098 689 3151 den
708 3097 1067 3164 istdieAbwechselungvon
1086 3097 1151 3149 beis-

81 3182 147 3233 qnaa
165 3181 255 3217 omnen
271 3167 396 3228 fortunas
414 3171 463 3218 iste
484 3165 513 3220 Τ.
526 3166 590 3218 llos-
641 3166 733 3220 semler
740 3167 822 3219 laonio
832 3166 882 3218 und
893 3165 1045 3232 alsbaldigcr
1055 3170 1152 3218 ernster

81 3239 138 3285 otus
157 3272 163 3284 .
183 3272 189 3284 .
207 3237 333 3301 impetum
350 3234 427 3296 suein
463 3236 539 3289 Auct.
558 3234 590 3286 ad
641 3235 824 3302 Widerlegung
842 3236 950 3286 iberaus
975 3229 1082 3286 treffend
1101 3233 1152 3285 und

81 3302 138 3355 ller.
156 3305 181 3365 4,
200 3304 241 3364 29,
260 3305 293 3354 40
320 3318 424 3354 neeesse
451 3310 503 3367 eet,
530 3319 590 3355 enm
641 3303 768 3356 wirksam.

81 3376 182 3423 constet
216 3373 295 3420 istum
328 3369 443 3431 fundum
469 3377 590 3423 nostrum
676 3374 717 3424 27.
736 3387 785 3425 ne.-
813 3370 976 3432 ,wahrliclr“.
1013 3369 1067 3419 Aul
1082 3368 1152 3420 diese

80 3440 178 3503 finiam,
206 3437 329 3489 ostendes
356 3445 381 3488 te
405 3445 453 3490 ont
474 3455 589 3491 vacuum
642 3439 754 3491 Pertilrel
772 3439 839 3505 lolgt
856 3439 896 3490 bei
915 3437 1025 3500 Sallust,
1043 3436 1093 3487 wie
1113 3437 1153 3487 bei

79 3508 235 3574 possedisse,
254 3513 304 3557 out
322 3511 370 3558 etc.
388 3506 440 3558 und
458 3507 525 3558 deon
543 3524 589 3558 va·
641 3507 689 3560 den
703 3512 781 3575 guten
792 3505 988 3560 Schriltstellem
1002 3504 1152 3572 bberheupt,

80 3591 168 3641 enum,
186 3575 440 3654 onmegoedeseem,
452 3576 590 3642 possidere
640 3577 730 3628 immer
748 3577 788 3628 ein
806 3575 963 3634 Pronomen;
982 3572 1034 3638 vgl.
1047 3573 1101 3638 lug.
1114 3574 1172 3636 ll,-

80 3648 366 3780 dt‘dllulrghllddgltlnd
372 3642 419 3764 delae·
434 3644 591 3779 agdnlzuegdll,
642 3647 835 3764 2¹dodda’odddl:
852 3708 957 3761 rellexiv
969 3707 995 3757 in
1009 3706 1064 3759 dem
1076 3706 1153 3760 Sinne

81 3784 96 3833 5
116 3780 177 3832 lmrn
191 3781 382 3849 besproclrenen
392 3781 590 3848 Anachanunga·
643 3777 898 3843 „sichverwandelm
909 3775 1090 3843 umecttagem
1100 3777 1153 3844 vgl.

81 3849 160 3902 weise
186 3864 237 3901 von
264 3849 308 3902 der
334 3849 451 3917 Stellung
478 3849 522 3902 der
549 3865 592 3900 ree
641 3849 694 3916 lug.
715 3851 755 3913 85,
774 3851 798 3902 9.
