2602 4358
344 152 385 206 DE
402 151 503 205 BELLO
521 150 673 205 lUGURl'H.
709 153 737 204 G.
757 154 865 204 15-17.
1081 147 1141 208 113

154 327 212 387 Res
228 324 375 406 postulare
391 324 506 386 videtur
520 324 635 386 hlricae
650 323 741 386 situm
762 325 864 404 paucis
886 343 1034 404 exponere
1049 332 1078 386 et
1093 344 1141 386 eas

67 411 175 486 Sentio,
192 411 369 490 quibuscum
384 410 471 471 nobis
486 409 596 470 bellum
611 417 662 470 aut
676 409 801 471 amicitia
816 409 881 486 luit,
899 410 1052 488 attingere.
1083 410 1142 471 Sed
1156 425 1171 475 a

68 516 144 577 quae
159 497 222 558 loca
238 495 417 558 etnationes
432 495 470 555 ob
486 494 613 556 calorem
628 503 679 554 aut
697 495 897 574 asperitatem,
921 495 989 555 item
1006 495 1141 556 solitudi-

69 603 122 644 nes
137 581 236 643 minus
247 583 431 661 frequentata
445 589 525 655 sunt,
541 580 577 640 de
589 580 632 641 eis
647 579 725 640 haud
740 579 824 641 lacile
840 587 1025 659 compertum
1040 597 1141 641 narra·

67 668 175 740 verim;
198 675 294 728 cetera
318 685 405 744 quam
427 664 622 744 paucissumis
643 662 799 726 absolvam.
839 665 873 725 ln
897 664 1039 727 divisione
1061 665 1171 728 orbis3

67 761 164 814 terrae
187 753 322 831 plerique
344 751 375 811 in
397 758 479 829 parte
495 749 580 811 tertia
601 748 727 810 Africam
750 768 893 829 posuere,
920 750 1007 829 pauci
1027 758 1140 811 tantum

67 838 155 898 modo
172 837 270 898 Asiam
286 848 314 897 et
327 835 574 914 Europam'esse,
597 834 647 895 sed
664 833 789 895 Africam
805 834 836 895 in
852 835 981 914 Europa.
1018 835 1060 895 Ea
1074 835 1173 904 tinisa

67 921 205 983 habetab
222 921 374 982 occidente
388 921 495 982 fretum
512 920 605 980 nostri
619 919 758 981 mariset
774 920 899 996 Oceani,
923 921 958 981 ab
981 928 1048 980 ortu
1071 920 1141 982 solis

68 1007 209 1068 declivem
223 1007 424 1077 latitudinem,
448 1023 535 1085 quem
559 1005 657 1066 locum
676 1003 887 1067 Catabathmon
909 1005 1024 1066 incolae
1039 1004 1140 1084 appel·

68 1093 139 1153 lant.
173 1091 252 1153 blare
275 1110 392 1154 saevum
414 1091 637 1170 inportuosum;
664 1107 735 1168 ager
755 1091 873 1169 frugum
888 1090 1016 1165 fertilis,
1043 1090 1171 1159 bonusc

69 1176 181 1257 pecori,
197 1176 304 1238 arbore
319 1176 513 1250 infecundum
531 1174 611 1237 eaelo
624 1183 763 1253 terraque
778 1176 902 1254 penuria
912 1194 1065 1255 aquarum.
1083 1177 1140 1237 Ge·
1157 1193 1172 1244 6

69 1280 127 1322 nus
141 1261 295 1322 hominum
307 1262 417 1323 salubri
429 1279 564 1340 corpore,
579 1259 672 1334 velox,
689 1259 804 1338 patiens
815 1260 965 1336 laborum,
982 1261 1141 1340 plerosque

68 1354 207 1408 senectus
222 1347 369 1422 dissolvit,
387 1346 445 1408 nisi
461 1346 512 1424 qui
527 1347 607 1406 ferro
622 1351 672 1405 aut
687 1343 790 1406 bestiis
806 1343 961 1422 interiere,
977 1364 1045 1407 nam
1061 1363 1141 1406 mor-

69 1431 126 1492 bus
141 1432 218 1492 haud
234 1450 322 1510 saepe
337 1449 514 1510 quemquam
530 1435 651 1509 superat
657 1447 665 1503 ;
682 1429 718 1489 ad
733 1430 790 1490 hoc
805 1431 928 1492 malefici
941 1431 1057 1509 generis
1073 1431 1141 1510 plu-

69 1534 154 1576 ruma
169 1516 314 1576 animalia.
348 1515 406 1576 Sed
422 1515 473 1594 qui
488 1514 626 1576 mortales
642 1512 726 1574 initio
742 1513 871 1575 Africam
886 1514 1058 1592 habuerint,
1075 1517 1170 1594 qui-r

71 1619 129 1680 que
150 1607 252 1680 postea
274 1600 470 1671 accesserint,
492 1609 549 1660 aut.
562 1617 623 1679 quo
646 1599 733 1659 modo
756 1599 834 1661 inter
856 1618 888 1660 se
910 1599 1048 1679 permixti
1070 1601 1140 1674 sint,

70 1703 249 1766 quamquam
264 1685 299 1746 ab
323 1703 355 1746 ea
371 1685 461 1758 lama,
486 1703 561 1764 quae
582 1683 892 1764 plerosqueobtinet,
915 1685 1065 1746 divorsum
1087 1694 1141 1760 est,

70 1778 179 1844 tamen,
195 1769 238 1832 uti
252 1790 288 1831 ex
303 1770 385 1831 libris
396 1769 527 1846 Punicis,
544 1771 593 1850 qui
609 1769 687 1848 regis
704 1768 880 1849 Hiempsalis
895 1769 1078 1846 dicebantur,
1094 1770 1141 1831 in·

67 1935 145 1970 omne
154 1926 289 1984 narrasset,
302 1923 372 1971 inter
382 1936 496 1986 corpora
507 1919 580 1986 quod
664 1923 688 1972 4.
707 1919 786 1981 finis:
804 1918 865 1972 Sall.
876 1920 931 1987 gibt
942 1935 990 1971 nur
1007 1920 1048 1972 die
1066 1921 1142 1972 ndrd·

67 1989 125 2051 fiat,
143 1987 269 2053 possidat
284 1992 372 2039 inane.
630 1987 713 2038 lichen
737 1987 887 2054 Eudpuncte
910 1987 955 2040 der
978 1989 1061 2040 West·
1088 1988 1142 2041 und

102 2055 144 2110 17.
164 2058 188 2107 2.
207 2063 385 2122 compertum:
400 2057 579 2118 ,aulsieherer
631 2054 772 2122 Ostgrenae
792 2070 842 2117 aa,

68 2123 158 2176 liunde
176 2123 364 2176 bernhendes.“
663 2122 763 2185 fretum
781 2127 830 2176 etc.
845 2121 869 2174 d.
880 2123 898 2175 i.
910 2122 1080 2188 Gaditanum,
1100 2123 1141 2178 die
1166 2137 1168 2141 ’

103 2196 126 2244 3.
162 2195 191 2242 ta
223 2198 302 2258 parte
335 2197 414 2243 tertia
442 2196 489 2244 etc.
533 2192 578 2244 Die
630 2191 764 2260 Meerenge
782 2207 834 2242 von
852 2191 985 2243 Gibraltar.

69 2261 157 2311 Worte
176 2260 277 2312 heissen
295 2259 419 2313 offenbar:
441 2261 482 2313 die
501 2261 578 2322 ,mei-
612 2263 615 2269 '
664 2259 730 2312 deal.
750 2260 936 2311 latitudinem:
964 2259 1036 2321 ,eine
1062 2260 1142 2313 breite

67 2335 125 2380 stou
151 2327 232 2379 haben
257 2328 310 2379 drei
334 2328 423 2380 Theile
447 2329 491 2380 der
514 2327 579 2380 Erde
631 2327 803 2394 Absenlrung“
824 2343 864 2378 am
875 2326 987 2380 Ostende
1000 2330 1077 2392 (etwa
1096 2329 1142 2382 43⁰

68 2410 255 2461 angeuommen
289 2396 340 2448 und
366 2397 449 2448 Africa
477 2397 502 2447 in
530 2396 579 2448 den
631 2395 851 2462 dstl.Ldnge)des
869 2395 1140 2450 romischenGebietes

67 2464 163 2515 dritten
181 2461 264 2514 dieser
279 2462 367 2514 Theile
385 2464 508 2530 verlegt“:
519 2463 542 2514 d.
553 2463 578 2516 h.
631 2479 658 2516 v.
667 2463 815 2530 Cyrenaica,
834 2477 916 2529 gegen
934 2463 1071 2531 Aegypten
1090 2465 1142 2529 hin,

69 2531 131 2587 laura
159 2531 213 2592 ,sie
234 2530 317 2582 haben
344 2530 396 2582 hir.
421 2531 459 2583 als
486 2531 579 2582 dritten
631 2530 743 2582 welches
776 2530 842 2582 nach
867 2530 951 2582 dieser
976 2532 1083 2583 Ansicht
1110 2549 1142 2584 zu

70 2598 143 2652 Tbeil
161 2599 185 2650 d.
204 2598 232 2651 E.
256 2603 413 2665 angesetzt.“
450 2598 498 2649 ber
515 2599 580 2650 Aus—
631 2598 709 2650 Asien
727 2598 841 2664 gehdrte.
896 2637 898 2640 ⁴

69 2666 149 2718 druch
167 2667 232 2719 lisst
241 2667 294 2719 sich
305 2666 383 2718 durch
396 2666 580 2733 Vergleichung
666 2669 690 2718 6.
710 2669 764 2715 nost
776 2702 800 2716 ..
814 2669 955 2716 intonuere:
974 2681 1142 2732 ,ausgenom

69 2735 116 2786 mit
134 2736 241 2801 aliquid
257 2739 286 2786 in
306 2738 431 2798 arimino,
457 2738 485 2784 ia
504 2736 580 2785 bona·
632 2748 689 2784 men
708 2733 758 2797 die,
776 2733 875 2785 welche
893 2732 973 2784 durch
1055 2749 1142 2801 umge-

69 2802 579 2868 fioa'o,inlaudeponareundihnllchen
632 2800 751 2852 hommen
774 2800 845 2864 sind,
870 2799 916 2852 ehe
934 2801 972 2852 sie
995 2801 1040 2854 der
1058 2806 1143 2854 nutrir-

69 2869 194 2922 erlrliren.
221 2870 266 2923 Die
276 2871 412 2938 folgenden
422 2871 510 2922 Worte
520 2870 580 2922 hin·
632 2869 699 2922 liche
709 2868 765 2921 'l'od
774 2868 903 2921 erreichen
921 2868 1046 2930 konnte“;
1065 2871 1144 2922 daher

69 2953 120 3004 gen
138 2955 189 2990 von
208 2939 288 2991 einem
299 2955 344 2991 aas
361 2955 515 3005 posueram
526 2943 581 2990 ent·
633 2936 678 2989 das
696 2937 848 2990 Perfectum.
884 2938 911 2988 ln
931 2937 1069 2991 Rricksicht
1087 2939 1143 2990 dar-

70 3006 229 3060 nehmenden
248 3008 357 3059 Verbum
377 3007 477 3060 dicendi
495 3007 534 3060 ab.
633 3005 684 3070 aul,
701 3005 761 3058 dass
778 3004 855 3058 deren
870 3005 938 3056 wohl
956 3007 1026 3058 nicht
1038 3008 1143 3074 Wenige

104 3078 201 3139 pauci:
237 3075 360 3127 barunter
377 3076 469 3140 Varro,
487 3075 532 3128 der
549 3075 581 3127 de
632 3074 687 3125 sein
712 3073 845 3138 mochten,
868 3073 924 3141 lrigt
947 3074 1007 3128 Sall.
1033 3076 1144 3128 nachher

70 3143 140 3207 ling.
160 3142 212 3193 Lat.
233 3148 282 3202 5,6
301 3148 360 3210 sagt
378 3145 446 3194 caeti
463 3147 581 3208 regioni·
633 3142 699 3194 noch
717 3148 798 3194 etwas
816 3142 871 3194 lose
895 3142 970 3194 hinzu
989 3144 1025 3194 ad
1042 3145 1092 3194 hoo
1110 3183 1116 3196 .
1136 3184 1142 3197 .

72 3212 118 3259 bur
137 3215 210 3261 terra
228 3211 324 3274 (diuisa
342 3213 389 3276 eet)
408 3214 538 3263 a'nAsiam
557 3217 583 3262 et
634 3211 763 3263 animalia
781 3211 873 3276 (aunt).

71 3277 210 3342 Europam
216 3297 225 3339 ,·
237 3278 301 3328 Asia
312 3283 382 3328 enim
392 3282 463 3330 iacet
477 3280 513 3331 ad
529 3296 581 3329 me·
667 3283 680 3329 7
686 3319 691 3331 .
710 3279 866 3344 plerosque.-
890 3283 962 3330 sonst
980 3278 1049 3330 steht
1066 3279 1142 3340 sama

69 3345 167 3395 ridiam
194 3352 220 3395 et
244 3353 379 3408 aratrum,
406 3347 519 3413 Europa
543 3348 581 3397 ad
633 3346 803 3397 obttnotoder
814 3345 1005 3404 tenetabsolut;
1024 3344 1070 3398 das
1080 3347 1142 3398 Ver-

70 3416 264 3479 septentriones
282 3419 308 3463 et
325 3415 485 3478 aquilonem.
632 3413 691 3465 bum
702 3417 820 3465 obtinere
838 3414 864 3465 in
874 3412 969 3464 diesem
978 3412 1055 3465 Sinne
1065 3416 1106 3477 80,
1118 3418 1142 3466 ’1.

106 3481 229 3542 Africam
248 3485 277 3532 in
292 3481 420 3546 Europa:
438 3481 512 3534 Diese
528 3484 580 3533 An·
667 3483 841 3547 Hiempsalis.-
852 3480 1142 3534 ndmlichdesZweiten.

71 3548 139 3600 sicht
163 3549 252 3602 erhielt
276 3548 330 3601 sich
348 3549 414 3600 noch
432 3549 522 3616 lange:
551 3566 580 3602 so
632 3551 664 3601 Er
681 3565 735 3600 war
760 3548 823 3600 nach
843 3549 987 3614 Resiegung
1003 3547 1143 3614 Jugurthus

71 3616 130 3668 Luc.
150 3617 236 3670 Phars.
257 3621 281 3681 9,
291 3621 340 3669 411
362 3621 442 3667 tortio
456 3633 522 3683 pare
540 3635 582 3668 re·
633 3618 681 3668 mit
699 3617 804 3668 lliarbas
822 3616 905 3681 lldnl'g
923 3631 973 3666 von
992 3614 1141 3679 Numidien;

72 3700 134 3734 ram
141 3686 232 3753 Libye,
243 3686 380 3737 recredere
389 3684 581 3746 famaecuncta
634 3686 711 3735 Vater
729 3685 774 3736 des
785 3683 850 3735 Juba
860 3684 878 3734 l.
899 3683 1008 3734 welches
1021 3697 1067 3736 aus
1085 3685 1143 3736 dem

73 3752 152 3815 uelim
176 3761 206 3804 at
221 3757 245 3805 re·
262 3761 353 3805 ventor
371 3755 526 3820 caelumque
543 3770 582 3804 re·
634 3752 804 3817 Birgerkrieg
827 3750 955 3803 zwischen
976 3751 1068 3803 (laesor
1091 3753 1143 3804 und

73 3824 176 3886 quarte,
191 3839 256 3888 pare
274 3826 326 3872 erit
343 3822 478 3890 Europae.
625 3820 772 3886 -Pompeius
799 3818 911 3871 bekannt
937 3819 972 3871 ist
994 3820 1054 3887 (vgl.
1077 3821 1144 3873 Eiul.

123 3914 213 3956 sanese
240 3917 259 3956 a.
270 3915 326 3957 nun
924 3906 938 3957 8
