2602 4358
310 790 361 853 Ex
386 790 416 852 c:
441 789 625 852 leLtlsTl
649 788 771 852 culsl’l
793 783 1057 850 lllsTttltllltUll

444 921 539 975 ureae
557 921 705 975 sncuuoo
723 920 785 973 vnn
805 918 923 972 rnnuro

368 1039 648 1140 EPISTULA
679 1040 760 1138 GN.
791 1037 1000 1138 POMPEI

556 1215 605 1277 tlt
632 1213 821 1277 sultanum.

456 1349 530 1414 (llist.
550 1349 638 1417 fragm.
657 1352 682 1411 3,
702 1352 712 1400 l
733 1347 775 1400 llr.
795 1351 819 1411 2,
837 1345 917 1401 9611.

235 1486 267 1548 Si
282 1486 423 1548 advorsus
437 1506 489 1548 vos
511 1487 693 1568 patriamque
718 1495 746 1548 et
767 1486 839 1548 deos
859 1485 975 1566 penatis
995 1491 1039 1546 tot
1060 1482 1178 1546 labores
1198 1491 1227 1545 et

149 1571 281 1653 pericula
296 1573 511 1651 suscepissem,
532 1573 670 1651 quotiens
691 1591 707 1633 a
726 1572 821 1651 prima
836 1571 1036 1633 adulescentia
1050 1569 1141 1632 ductu
1156 1587 1225 1631 meo

149 1657 360 1720 scelestissumi
375 1657 475 1719 hostes
490 1659 547 1718 lusi
563 1669 592 1720 ct
604 1657 686 1718 vobis
701 1657 780 1718 salus
797 1657 927 1736 quaesita
939 1665 993 1730 est,
1009 1655 1082 1718 nihil
1097 1654 1226 1736 amplius

60 1788 63 1793 .
149 1744 182 1804 in
197 1742 350 1804 absentem
364 1761 411 1803 me
426 1743 601 1804 statuissetis
613 1761 700 1823 quam
715 1742 811 1803 adhuc
825 1741 920 1820 agitis,
936 1748 1035 1822 patres
1047 1739 1225 1821 conscripti:

152 1846 241 1907 quem
253 1837 355 1889 contra
370 1837 492 1890 aetatem
504 1829 670 1909 proiectum
686 1827 722 1888 ad
737 1825 847 1888 bellum
862 1825 1073 1890 saevissumum
1089 1844 1158 1888 curn
1174 1843 1225 1887 ex·

187 1982 210 2031 l.
246 1993 262 2028 c
287 1980 376 2044 prensa
405 1978 586 2029 adulescentia
615 1982 663 2030 etc.
717 1977 753 2028 les
765 1977 911 2029 clarissimi
922 1976 1116 2042 fortissimique
1131 1978 1226 2036 meent,

152 2045 236 2098 Schon
265 2049 312 2098 611
342 2047 395 2110 (831
422 2046 447 2097 in
476 2046 571 2098 seiuem
599 2045 664 2098 drei·
716 2062 794 2110 eques
811 2043 945 2096 Romanus
968 2044 1005 2096 ud
1024 2043 1121 2096 bellum
1137 2046 1226 2094 maui-

152 2113 379 2180 undzwanuigsten
399 2113 569 2178 Lebensjnhre
592 2113 663 2166 hatte
714 2129 786 2164 mum
816 2113 1148 2178 formidulosmsa‘mumqua
1172 2127 1225 2179 pro

152 2182 290 2249 Pompejus
315 2195 345 2232 an
371 2179 416 2233 der
434 2181 520 2248 Spitze
540 2182 610 2234 eines
628 2182 662 2233 im
715 2181 825 2233 consule
852 2181 1020 2233 mitteretur?
1048 2183 1145 2231 missus
1171 2185 1226 2231 est:

152 2248 317 2301 Picenisehen
341 2248 386 2299 aul
407 2249 496 2315 eigeue
519 2248 590 2301 Hand
619 2264 663 2316 ge·
715 2265 767 2315 quo
795 2249 901 2316 quidam
929 2256 1045 2316 ternpore
1071 2264 1132 2300 eum
1159 2253 1227 2299 esset

133 2317 288 2382 sworbcnen
306 2316 399 2368 Heeres
418 2331 500 2383 gegeu
519 2316 560 2369 dle
572 2316 663 2369 Maria·
710 2334 770 2371 ,uon
794 2333 870 2370 nemo
894 2321 923 2368 in
947 2323 1043 2368 senatu
1060 2319 1108 2383 qui
1126 2315 1228 2368 diceret

153 2383 663 2452 uersiegreiclrgekimpltuseiuelrup·
714 2402 769 2438 aon
789 2392 912 2453 oportere
929 2389 1001 2437 mitti
1018 2387 1150 2437 dominam
1167 2388 1225 2452 pri-

152 2470 203 2520 pen
216 2453 273 2505 dem
286 2451 529 2504 zurucltltehrendeu
540 2453 609 2506 Sulla
619 2470 663 2505 zu·
713 2460 804 2505 votum
822 2470 873 2520 pro
892 2455 1015 2520 consule,
1033 2452 1066 2507 t.
1084 2452 1226 2520 Plrila‘ppua

153 2521 268 2641 5eldlut;
292 2521 333 2573 ein
350 2520 412 2572 Jalu
436 2525 522 2588 spiter
544 2521 613 2575 hatte
637 2537 664 2574 er
713 2522 854 2588 (desselbe,
877 2522 922 2575 der
945 2536 1027 2590 gegen
1045 2519 1161 2588 Lepidus„
1183 2537 1227 2589 ge·

171 2606 203 2642 eu
221 2589 314 2643 Consul
334 2589 413 2641 Carbo
432 2589 457 2640 in
476 2587 588 2654 Sicilien‚
610 2590 662 2641 und
713 2590 784 2643 redet
808 2590 889 2656 hatte)
910 2591 1012 2642 dimisse
1030 2589 1146 2656 dieitur,
1169 2605 1226 2642 nou

153 2658 249 2711 wieder
266 2659 307 2710 ein
325 2656 388 2710 Jalrr
405 2657 517 2710 nachher
534 2656 662 2710 luditilla
713 2675 741 2710 se
767 2659 842 2711 illurn
866 2676 915 2711 suu
938 2661 1070 2710 sententia
1092 2673 1144 2725 pro
1164 2674 1227 2710 con·

153 2727 202 2778 den
220 2727 264 2779 Cu.
282 2725 406 2778 Domitius
432 2726 483 2780 und
506 2725 555 2778 deu
580 2725 662 2794 llonig
713 2727 778 2792 sule,
794 2728 841 2778 rad
856 2744 907 2794 pro
926 2727 1078 2780 coeuntibus
1095 2730 1226 2778 mittere.“

153 2811 204 2847 von
215 2794 359 2857 Numidien,
373 2793 487 2860 lliarbas,
500 2795 600 2862 besiegt
612 2794 664 2846 und
715 2823 748 2833 -
761 2794 857 2847 Sallust
875 2810 902 2848 sa
923 2801 932 2847 t
949 2796 976 2847 in
993 2796 1075 2848 einern
1087 2795 1227 2863 Fragment

154 2862 272 2929 getddtet
298 2861 440 2914 nnd0uter
464 2862 548 2915 Alrica
576 2862 664 2914 trium-
715 2862 789 2928 (llist.
808 2866 876 2927 3,6
917 2869 946 2930 r.)
971 2863 1034 2926 „aad
1051 2863 1192 2930 Pompeius
1209 2878 1227 2913 a

154 2930 230 2997 phirt.
248 2928 319 2982 Nach
332 2928 391 2982 Besi
427 2946 478 2998 ung
496 2930 542 2983 des
554 2931 663 2998 Lepidus
714 2934 804 2998 prima
826 2931 1008 2984 adulescentia
1025 2946 1146 2984 sennem
1163 2929 1226 2994 sau·

154 3010 185 3062 ts.
212 2997 331 3050 Vorbem.
364 2945 441 3049 affl.
472 2998 518 3050 des
545 2999 664 3066 Lepidus)
717 3006 804 3051 torum
837 3001 949 3052 similem
975 2999 1036 3061 fore
1059 3016 1088 3051 se
1114 2998 1227 3051 medens

154 3065 243 3118 wurde
255 3081 290 3130 er,
305 3066 350 3117 der
362 3065 443 3117 Ritter
455 3065 507 3118 und
520 3073 573 3119 erst
585 3082 664 3119 ueun-
716 3068 874 3119 Alexandro
893 3071 954 3136 regi
963 3069 1039 3131 sacta
1051 3067 1227 3134 consultaque

154 3132 408 3201 undzwauzigdahre
421 3133 464 3199 alt,
479 3151 539 3186 eum
551 3139 664 3202 imperio
716 3139 773 3187 eius
791 3136 897 3202 quidem
916 3137 1067 3188 aemulatus
1089 3139 1173 3188 aaut!

154 3203 345 3268 proconsulari
353 3201 417 3253 nach
431 3201 489 3255 dem
499 3202 664 3271 diesseitigeu
749 3205 821 3255 nutu
844 3244 850 3258 .
874 3243 881 3257 .
905 3209 1065 3259 statuissetis
1091 3210 1141 3258 etc.
1170 3202 1228 3266 „ihr

154 3269 265 3337 Spanien
284 3269 429 3337 geschicltt,
452 3270 507 3323 also
527 3271 665 3338 allerdings
716 3271 796 3324 hittet
829 3273 913 3327 nichts
941 3273 993 3326 Aer
1011 3289 1066 3326 eres
1098 3272 1227 3340 (amptius

155 3344 249 3391 contra
269 3344 396 3400 aetatem,
419 3339 479 3391 aber
496 3339 566 3392 nicht
584 3340 664 3392 wider
715 3341 763 3394 ei.
789 3290 1089 3409 „Weltergehendereffll
1115 3378 1150 3395 ..
1182 3340 1229 3393 lte·

154 3408 242 3459 seineu
261 3406 355 3459 Willen
377 3410 407 3471 (s.
427 3405 567 3460 Mommsen
586 3407 616 3460 R.
634 3407 663 3460 G.
715 3357 854 3462 scffrliessen
872 3408 989 3478 konnen,
1014 3410 1053 3463 als
1073 3409 1114 3463 itu
1129 3406 1230 3477 (binim

153 3475 205 3535 111⁸,
230 3477 262 3527 28
280 3475 318 3540 1.),
342 3490 369 3526 er
394 3475 472 3527 brach
495 3475 572 3527 delrio
597 3476 664 3528 noclr
715 3477 810 3544 gethan
828 3477 890 3530 habt
908 3478 968 3543 und)
987 3476 1228 3545 nochjetnllhnt‘

154 3545 170 3594 i.
188 3542 212 3596 J.
236 3546 284 3597 671
311 3545 365 3608 (ll)
389 3543 439 3594 aul.
457 3573 491 3582 -
512 3543 568 3595 Von
589 3545 664 3609 jener
749 3549 913 3612 proiectum:
939 3547 991 3616 vgl.
1016 3545 1071 3615 lug.
1104 3549 1153 3615 tt,
1176 3548 1234 3625 ²15,-
1287 3584 1290 3591 ·

154 3611 325 3678 Ausseudung
349 3617 408 3678 sagt
426 3611 516 3694 Cicero·
536 3612 578 3676 (de
602 3613 663 3680 imp.
714 3612 768 3667 Liv.
788 3616 837 3681 22,
858 3618 907 3681 44,
932 3618 945 3667 l
968 3618 993 3667 si
1014 3612 1293 3737 auwfijsn

80 3704 84 3715 ¹
156 3680 200 3732 Cn.
219 3679 307 3746 Pomp.
327 3681 368 3743 21,
387 3682 430 3744 62)
452 3680 535 3746 „quad
552 3685 605 3731 tam
623 3685 664 3732 ln·
716 3698 748 3734 ac
773 3683 890 3749 proditis
922 3683 958 3735 ud
984 3687 1014 3735 ira
1191 3686 1272 3739 ·''·-*=.-·

1123 3824 1126 3829 ,
1174 3784 1206 3827 (²:21

1112 3842 1142 3869 ...Ξ
1149 3838 1155 3845 “
1183 3836 1200 3855 ‘0

155 3751 283 3799 usitatum
293 3764 373 3814 quam
383 3754 421 3809 ut,
435 3763 494 3799 cum
505 3749 557 3800 duo
571 3765 664 3800 consu·
715 3766 836 3817 pugnum
855 3752 1004 3818 legionibus
1022 3744 1169 3813 adalind,
1207 3776 1212 3785 ·

1126 3838 1189 3887 „sk-
1205 3836 1212 3847 ’
