2602 4358
360 57 401 110 DE
418 58 518 112 BELLO
539 58 691 112 {uoueret
726 62 751 113 C.
770 66 880 118 tto—62.
1102 67 1161 128 161

89 238 145 298 bus
161 241 260 308 erant,
284 232 429 312 praesidia
451 232 583 312 inponit;
611 244 741 295 ceterum
765 237 926 298 exercitum
948 239 978 299 in
1001 243 1192 322 provincie,2

90 338 164 402 quae
176 336 317 398 proxuma
334 328 378 380 est
391 317 553 395 Numidiae,
569 318 716 380 hiemandi
733 322 825 398 gratia
841 323 984 384 conlocat.
1014 326 1116 406 Neque
1132 329 1160 391 id
1176 339 1191 391 3

88 418 206 485 tempus
222 425 258 466 ex
273 405 398 466 aliorum
413 420 497 464 more
513 402 605 483 quieti
620 413 671 464 aut
685 405 818 467 luxuriae
834 409 985 482 concedit,
1002 412 1067 486 sed,
1086 431 1161 491 quo-

89 492 166 554 niam
182 493 271 554 armis
285 489 396 551 bellum
412 505 516 564 parum
537 488 728 566 procedebat,
749 490 870 552 insidias
892 494 954 571 regi
976 513 1031 574 per
1052 497 1161 559 amicos

80 579 211 650 pendere
228 586 373 637 eteorum
390 573 510 654 pertidia
526 591 580 652 pro
597 573 686 635 armis
702 575 745 636 uti
768 585 859 655 parat.
902 578 996 656 Igitur
1016 581 1192 645 Bomilca-4

88 682 168 737 rem,
192 662 243 740 qui
259 660 369 721 Romae
392 676 459 719 cum
475 658 616 736 iugurtha
639 660 736 722 luerat
750 669 778 721 et
794 661 862 724 inde
884 663 1004 724 vadibus
1028 667 1102 728 datis
1125 669 1161 730 de

89 748 230 810 Massivae
245 765 319 807 nece
333 743 475 806 iudicium
491 743 622 822 lugeret,
646 746 724 825 quod
748 745 774 806 ei
797 766 852 826 per
872 766 1037 811 maxumam
1059 753 1160 814 amici-

88 835 158 895 tiam
174 851 308 894 maxuma
324 830 408 910 copia
423 828 546 891 fallundi
562 837 640 906 erat,
662 831 762 892 multis
778 833 1040 911 pollicitationibus
1055 855 1160 916 aggre-

88 920 175 981 ditur.
200 921 241 979 Ac
256 917 352 997 primo
369 915 467 989 elficit,
483 915 527 975 uti
542 916 577 976 ad
593 935 625 977 se
640 917 839 996 conloquendi
855 918 947 998 gratia
963 921 1096 982 occultus
1111 932 1190 983 vet

88 1005 165 1078 niat3
183 1003 289 1064 deinde
303 1003 360 1064 lide
373 1001 447 1077 data,
464 1001 488 1062 si
500 1001 671 1079 Iugurtham
683 1002 779 1063 vivum
791 1012 842 1066 aut
853 1013 989 1066 necatum
1003 1005 1058 1066 sibi
1070 1008 1160 1068 tradi-

88 1090 193 1166 disset,
215 1090 279 1149 lore
294 1096 327 1148 ut
342 1086 383 1149 illi
399 1094 519 1147 senatus
535 1085 731 1165 inpunitatem
748 1097 777 1148 et
791 1107 844 1150 sua
860 1090 958 1152 omnia
974 1092 1160 1170 concederet,

87 1175 172 1236 facile
186 1173 329 1246 Numidae
344 1170 517 1253 persuadet,
541 1189 608 1232 cum
623 1171 743 1250 ingenio
767 1172 856 1234 infldo
873 1183 935 1236 tum
950 1177 1094 1239 metuenti
1111 1197 1159 1254 ne,

88 1261 111 1320 si
128 1278 184 1339 pax
200 1266 267 1320 oum
282 1256 424 1318 Romanis
438 1258 538 1330 lieret,
562 1256 627 1335 ipse
648 1275 703 1335 per
718 1257 909 1320 condiciones
925 1260 960 1321 ad
979 1263 1158 1342 supplicium

87 1346 261 1406 traderetur.
285 1344 324 1419 ls,
339 1342 390 1402 ubi
406 1342 535 1420 primum
552 1348 755 1420 opportunum
772 1341 834 1417 luit,
850 1343 1021 1423 Iugurtham
1037 1347 1157 1409 anxium
1172 1349 1210 1407 62

86 1449 121 1490 ac
136 1429 324 1490 miserantem
336 1428 470 1488 fortunas
483 1443 551 1486 suas
563 1425 690 1501 accedit3
707 1435 808 1488 monet
823 1435 911 1508 atque
923 1430 1089 1491 lacrumans
1106 1433 1159 1493 ob-

86 1521 219 1588 testatur,
236 1514 279 1575 uti
291 1512 447 1593 aliquando
460 1510 516 1572 sibi
528 1510 689 1590 liberisque
701 1519 730 1572 et
741 1512 822 1589 genti
833 1512 1026 1576 Numidarum
1038 1523 1159 1596 optume

85 1600 206 1661 meritae
222 1598 387 1679 provideat:
404 1596 542 1656 omnibus
557 1595 677 1674 proeliis
693 1614 758 1657 sese
773 1597 874 1673 victos,
891 1617 994 1678 agrum
1006 1609 1158 1677 vastatum,

84 1685 193 1745 multos
208 1684 339 1745 mortalis
355 1689 456 1762 captos
472 1680 596 1757 occisos,
611 1681 695 1760 regni
712 1700 784 1761 opes
800 1684 995 1746 comminutas
1011 1705 1092 1765 esse;
1112 1683 1175 1748 sa·'

84 1771 122 1830 tis
138 1789 225 1849 saepe
240 1771 296 1830 iam
314 1779 343 1831 et
353 1768 489 1828 virtutem
505 1765 631 1827 militum
648 1775 676 1828 et
687 1767 836 1828 fortunam
848 1776 1034 1850 temptatam;
1051 1781 1158 1847 caveat,

86 1874 124 1915 ne
139 1854 189 1914 illo
206 1862 363 1916 cunctante
382 1851 525 1912 Numidae
540 1851 596 1913 sibi
612 1853 778 1915 consulant.
802 1853 854 1914 llis
871 1862 958 1934 atque
973 1856 1080 1918 talibus
1096 1858 1159 1918 aliis
1174 1868 1189 1918 2

86 1939 120 2000 ad
137 1939 317 2000 deditionem
331 1938 410 2017 regis
425 1937 557 1998 animum
572 1937 697 2018 inpellit.
725 1938 884 2000 Mittuntur
898 1941 934 2000 ad
950 1943 1158 2021 imperatorem
1174 1952 1189 2003 3

84 2025 188 2104 legati,
212 2025 263 2104 qui
285 2025 457 2104 Iugurtham
479 2023 621 2102 imperata
643 2023 789 2085 iacturum
812 2024 944 2087 dicerent
965 2045 999 2087 ac
1018 2027 1084 2088 sine
1100 2027 1158 2088 ulla

85 2109 222 2190 pactione
237 2129 302 2172 sese
317 2127 504 2188 regnumque
520 2126 607 2168 suum
622 2108 653 2169 in
669 2109 748 2169 illius
763 2109 850 2170 tidem
867 2111 993 2173 tradere.
1023 2111 1158 2174 Metellus
1173 2123 1190 2173 4

86 2212 214 2273 propere
230 2202 354 2255 cunctos
370 2193 510 2255 senatorii
527 2193 639 2254 ordinis
655 2213 690 2255 ex
704 2194 836 2256 hibernis
852 2197 961 2258 arcessi
984 2197 1083 2272 iubet;
1108 2218 1158 2260 eo-

85 2297 151 2339 rum
168 2287 197 2339 et
210 2279 344 2353 aliorum,
361 2296 437 2356 quos
449 2278 573 2338 idoneos
584 2277 718 2353 ducebat,
734 2280 892 2341 consilium
904 2282 1000 2344 habet.
1022 2283 1065 2344 lta
1076 2293 1188 2344 moret

84 2364 229 2424 maiorum
246 2381 280 2423 ex
293 2362 397 2423 consili
410 2363 529 2422 decreto
544 2379 598 2442 per
613 2362 725 2442 legatos
736 2364 896 2443 Iugurthae
908 2366 1031 2446 imperat
1044 2369 1157 2446 argenti

84 2449 184 2528 pondo
201 2448 327 2510 ducenta
342 2447 437 2520 milia,
461 2445 633 2525 elephantos
656 2449 769 2523 omnis,
793 2468 938 2529 equorum
961 2461 989 2513 et
1008 2470 1157 2513 armorum

83 2582 205 2633 bensatze
223 2582 269 2632 mit
287 2581 401 2648 eigenem
416 2579 529 2644 subiect,
548 2579 597 2630 wie
649 2581 831 2647 angegebenen
849 2581 938 2648 Dioge.

84 2654 126 2714 66,
146 2654 173 2709 1;
192 2652 233 2716 88,
253 2654 282 2710 4;
305 2653 360 2716 103,
380 2651 403 2700 2.
682 2649 807 2699 sincello
820 2653 954 2715 pectione:
967 2651 1063 2702 rruher
1075 2653 1155 2717 (8.46,

119 2720 347 2784 2.inprooincie:
358 2719 596 2782 =inprooinoiee
648 2719 675 2777 2;
695 2719 735 2781 47,
752 2719 777 2781 3)
802 2716 872 2770 hatte
890 2733 917 2769 er
935 2719 989 2770 siclt
1006 2719 1095 2771 immor
1113 2735 1157 2787 ge-

84 2802 116 2837 eo
126 2792 214 2852 porte,
227 2793 367 2852 quoeetc.;
386 2784 438 2852 vgl.
450 2784 494 2851 llp.
505 2784 594 2851 Pomp.
648 2785 724 2836 wisse
743 2783 823 2851 Dioge
841 2785 1031 2854 ausbedungen.

84 2858 99 2907 9
119 2870 143 2905 ιι.
162 2855 213 2908 Cic.
231 2871 255 2922 p.
274 2855 326 2906 mil.
349 2857 373 2919 3,
393 2857 407 2905 7
432 2858 493 2903 ente
515 2868 596 2917 quum
682 2855 705 2904 5.
719 2869 792 2904 more
801 2855 1051 2922 maiorum:geliort
1060 2871 1090 2906 zu
1101 2856 1157 2907 dem

83 2923 121 2975 ad
139 2939 197 2973 eam
215 2926 363 2973 orationem
375 2925 461 2984 venio,
481 2927 598 2986 quaeest
647 2921 826 2974 verbundenen
841 2939 875 2972 erc
891 2924 986 2973 consili
995 2924 1099 2975 decreto
1112 2927 1159 2975 im·

83 2995 196 3057 proprie
214 2996 317 3041 cestrae
335 2992 506 3056 quaestionis.
647 2996 733 3056 peret,
750 3006 779 3042 so
797 2989 856 3043 dass
871 2991 916 3042 der
929 2990 1048 3043 Gedeulre
1065 2992 1098 3044 ist
1117 3007 1160 3053 „er

119 3062 143 3108 4.
172 3057 204 3106 de
227 3058 306 3109 Mau.
328 3074 407 3109 nece:
437 3057 527 3125 gehdrt
550 3073 596 3108 un·
647 3059 762 3125 belrogte
786 3059 842 3110 dem
866 3058 1034 3112 Herkommen
1058 3062 1158 3126 gemisse

9 3164 18 3186 ,
83 3124 213 3176 mittelbor
230 3141 261 3175 zu
279 3126 426 3186 iodicium
452 3141 496 3177 zur
514 3125 595 3178 Socho
647 3127 696 3179 den
721 3127 867 3193 llriegsrath
895 3127 951 3191 (das
977 3133 1091 3180 mussten
1118 3127 1159 3180 die

84 3210 104 3245 c.
124 3196 165 3246 35.
646 3195 783 3247 Feldherro
800 3195 826 3246 in
842 3195 1159 3263 selenenwichtigenltt-

119 3266 144 3314 5.
160 3275 219 3311 eum
229 3261 337 3323 ingenie
348 3259 432 3320 infido
446 3266 495 3314 etc.
506 3287 539 3307 =
549 3265 597 3328 que·
647 3264 778 3328 lendino),
792 3280 817 3314 u.
830 3264 915 3316 befolrl
925 3263 1087 3316 nechdessen
1097 3264 1159 3314 Eut-

84 3345 144 3379 eum
162 3331 271 3393 ingenio
285 3327 385 3389 infidos
401 3335 459 3379 erat
474 3336 529 3380 tum
543 3345 596 3380 me·
648 3331 864 3397 scheidungetc.“
894 3331 976 3382 [leber
990 3331 1039 3383 deu
1056 3331 1159 3398 Kriegs·

85 3399 184 3448 tuebot.
646 3399 701 3449 rath
721 3414 741 3449 s.
760 3401 801 3460 29,
813 3402 836 3451 5.

117 3482 166 3586 e
181 3465 367 3594 ccam
386 3464 595 3583 otmari·
646 3466 928 3586 ..mftttttttt
946 3467 1158 3588 00000

83 3616 139 3652 rum
157 3573 241 3654 'zuerst
258 3601 303 3653 der
320 3601 365 3653 lnl.
384 3573 431 3653 lut.
457 3600 509 3653 und
528 3599 595 3651 donn
647 3607 753 3662 stercen,
773 3601 797 3652 d.
818 3601 833 3651 i.
853 3617 935 3669 gegen
959 3605 989 3654 12
1008 3601 1069 3653 lllill.
1088 3601 1159 3653 lilark

84 3669 129 3720 der
146 3669 190 3720 lnl.
209 3685 290 3737 praes.
311 3674 410 3736 gesetzt
427 3670 474 3732 ist,
499 3669 595 3735 ergiebt
647 3668 823 3721 aderitum.
836 3670 875 3723 Fr.
892 3669 952 3722 oder
969 3669 1159 3724 5804000010.

84 3736 139 3790 sich
157 3752 202 3789 uus
220 3738 264 3789 der
282 3738 440 3790 natdrlichen
454 3737 533 3804 Fulge
551 3737 595 3788 der
647 3737 850 3792 dsterrcicltisch.

136 3821 225 3872 Sallust.
252 3832 270 3871 l.
284 3830 341 3872 Ant.
925 3827 951 3876 ll
