2602 4358
250 118 252 123 ’
358 152 399 205 nu
418 152 517 206 nauco
534 153 687 241 rucupru.
723 159 750 211 o.
772 162 969 214 ror-no.-
1112 161 1170 221 211

101 333 164 387 tum
179 326 415 406 pertimesceret:
440 346 499 408 quo
514 329 637 390 admisso
659 348 708 390 res
723 333 888 394 communis
902 333 1039 396 licentius
1057 320 1174 414 gerere·
1220 403 1222 407 ,

101 418 167 486 tur;
191 429 257 473 nam
273 411 310 474 ab
323 412 438 474 insidiis
450 413 514 475 eius
528 413 611 476 aliter
625 416 720 476 caveri
736 417 912 496 nequivisse.
950 419 1007 480 Sed
1023 438 1077 499 ego
1094 439 1173 483 com·
1189 433 1205 484 3

101 497 202 576 perior
216 498 366 559 Bocchum
381 498 474 577 magis
483 499 595 561 Punica
611 501 667 561 lide
683 519 771 579 quam
784 501 821 562 ob
834 522 875 578 ea,
892 522 968 582 quae
979 506 1174 584 praedicabat,
1270 529 1273 532 ⁴

101 582 188 644 simul
200 584 365 645 Romanum
378 593 405 645 et
417 583 572 645 Numidam
584 603 638 663 spe
650 587 732 663 pacis
742 586 895 649 attinuisse
907 590 1093 669 multumque
1105 610 1172 653 cum

100 668 198 730 animo
222 687 275 730 suo
299 669 413 730 volvere
436 669 572 744 solitum,
594 671 765 748 Iugurtham
782 671 921 735 Romanis
943 693 980 735 an
1003 675 1045 736 illi
1060 676 1171 737 Sullam

100 756 243 817 traderet:
267 754 429 816 lubidinem
445 755 600 816 advorsum
616 774 690 830 nos,
712 765 823 818 metum
845 776 900 837 pro
924 759 1010 820 nobis
1032 761 1169 823 suasisse.

100 840 194 917 lgitur
216 841 296 902 Sulla
321 840 475 920 respondit
496 859 589 920 pauca
611 854 708 902 coram
731 843 843 922 Aspare
864 843 1051 917 locuturum,
1075 853 1169 908 cetera
1179 853 1235 910 tut

100 926 215 987 occulte
222 935 273 988 aut
280 926 361 988 nullo
370 933 419 988 aut
429 945 514 1007 qnam
528 926 723 1011 paucissumis
734 928 940 1006 praesentibus
948 948 956 1004 ;
969 930 1056 991 simul
1068 931 1171 993 edocet
1217 925 1220 931 ’

101 1011 246 1091 quaesibi
270 1012 532 1092 responderentur.
569 1012 728 1091 Postquam
752 1013 838 1074 sicuti
853 1015 986 1076 voluerat
1008 1017 1201 1094 congressit
1267 1074 1269 1078 ,

100 1097 170 1158 dicit
191 1116 223 1159 se
238 1097 361 1159 missum
382 1098 536 1160 aconsule
550 1099 665 1160 venisse
688 1099 853 1178 quaesitum
875 1100 910 1160 ab
933 1119 985 1177 eo,
1009 1120 1110 1180 pacem
1133 1120 1168 1162 an
1222 1151 1225 1155 ,

98 1181 209 1243 bellum
230 1183 392 1261 agitaturus
413 1184 499 1245 foret.
537 1184 613 1245 Tum
634 1203 686 1246 rex
708 1184 750 1245 uti
772 1197 963 1265 praeceptum
986 1186 1082 1248 luerat
1102 1195 1200 1265 post3

99 1268 176 1328 diem
193 1269 349 1330 decumum
365 1269 461 1330 redire
477 1269 572 1330 iubet:
595 1289 629 1330 ao
645 1270 718 1331 nihil
734 1270 898 1332 etiamtum
914 1271 1094 1346 decrevisse,
1118 1272 1169 1333 sed
1199 1310 1211 1317 -

99 1352 149 1413 illo
166 1354 212 1415 die
228 1372 451 1433 responsurum.
488 1354 600 1415 Deinde
616 1355 701 1416 ambo
725 1355 755 1415 in
772 1374 823 1417 sua
841 1365 934 1417 castra
949 1357 1072 1434 digressi
1088 1368 1168 1418 sunt.

99 1438 156 1499 Sed
172 1439 223 1501 ubi
238 1440 415 1520 plerumque
431 1440 526 1501 noctis
542 1440 695 1519 processit,
712 1440 792 1501 Sulla
815 1460 829 1501 a
845 1441 963 1502 boccho
986 1442 1101 1502 occulte
1122 1460 1168 1502 ar·
1184 1455 1199 1504 4

49 1565 52 1569 ,
99 1526 239 1599 cessitur;
263 1524 298 1586 ab
322 1533 449 1603 utroque
472 1533 585 1586 tantum
608 1525 695 1586 modo
718 1525 766 1586 ridi
789 1525 967 1605 interpretes
981 1526 1168 1600 adhibentur,

97 1619 247 1688 praeterea
259 1610 353 1670 Dabar
364 1610 576 1688 internuntius,
591 1622 711 1672 sanctus
723 1612 803 1671 viret
814 1631 848 1672 ex
860 1612 1006 1673 sententia
1017 1611 1169 1672 ambobus.

97 1698 140 1756 Ac
155 1695 251 1757 statim
267 1696 310 1756 sic
325 1714 377 1756 rex
390 1696 509 1775 incipit:

184 1780 369 1860 „Numquam
392 1799 446 1860 ego
469 1791 550 1844 ratus
572 1799 638 1842 sum
662 1782 724 1842 lore
746 1781 788 1842 uti
810 1800 862 1842 rex
883 1799 1037 1842 maxumus
1059 1781 1089 1842 in
1111 1781 1222 1842 haclllt

98 1879 175 1931 terra
198 1874 227 1928 et
241 1868 391 1943 omniurn,
415 1885 490 1946 quos
507 1867 590 1938 novi,
614 1868 726 1946 privato
748 1866 861 1927 homiui
881 1867 1001 1946 gratiam
1019 1866 1165 1927 deberem.

96 1953 135 2013 Et
149 1953 335 2028 mehercule,
348 1952 439 2024 Sulla,
458 1961 525 2014 aute
541 1962 569 2013 te
585 1952 736 2031 cognitum
759 1951 858 2012 multis
874 1952 1026 2013 orantibus
1042 1952 1106 2012 aliis
1121 1952 1198 2012 ul-t

97 2047 143 2100 tro
160 2045 276 2116 egomet
291 2057 378 2118 opem
393 2037 464 2112 tuli,
480 2037 591 2099 nullius
607 2037 731 2117 indigui.
762 2037 793 2098 ld
810 2037 1009 2113 imminutum,
1026 2037 1104 2116 quod
1121 2055 1167 2098 ce·
1183 2047 1198 2097 3

97 2124 152 2185 teri
168 2124 268 2185 dolere
283 2125 389 2198 solent,
406 2141 460 2203 ego
475 2123 582 2185 laetor:
599 2123 689 2185 luerit
703 2122 776 2184 mihi
792 2123 909 2201 eguisse
924 2121 1082 2202 aliquando
1098 2140 1167 2200 pre-

96 2209 170 2271 tium
186 2217 253 2271 tuae
269 2209 422 2286 amicitiae,
439 2228 496 2288 qua
508 2210 586 2288 apud
602 2208 731 2271 animum
747 2227 845 2270 meum
863 2208 936 2269 nihil
951 2208 1048 2270 carius
1063 2207 1166 2268 habeo.

95 2293 128 2355 ld
151 2295 223 2356 adeo
239 2294 366 2374 experiri
380 2295 462 2356 licet:
484 2313 563 2356 arma
574 2295 653 2356 viros
668 2296 835 2374 pecuniam,
853 2303 1003 2372 postremo
1026 2291 1198 2372 quioquidr

96 2379 194 2440 auimo
210 2378 300 2452 lubet,
316 2398 399 2440 sume
416 2389 509 2453 utere,
525 2389 554 2440 et
569 2380 665 2459 quoad
678 2380 765 2455 vives,
781 2397 942 2458 numquam
958 2378 1011 2439 tibi
1026 2378 1167 2439 redditam

97 2464 218 2544 gratiam
240 2464 402 2543 putaveris;
425 2481 543 2543 semper
557 2465 634 2544 apud
650 2482 697 2524 me
712 2464 827 2542 integra
850 2464 921 2524 erit:
944 2464 1072 2542 denique
1095 2461 1168 2522 nihil
1236 2510 1238 2514 .

96 2596 154 2647 gen.
198 2579 247 2632 llas
270 2578 371 2634 damals,
393 2579 440 2630 mit
463 2577 531 2630 Sulla
557 2579 605 2630 Re·
658 2583 682 2632 5.
720 2579 768 2630 llas
780 2579 853 2630 Wort
871 2595 903 2629 ac
920 2579 954 2630 ist
967 2579 1021 2630 also
1039 2577 1109 2628 nicht
1120 2577 1166 2628 mit

96 2648 251 2714 sprochene,
276 2651 335 2714 sagt
354 2646 483 2711 Bocchus,
508 2648 544 2699 sei
567 2647 607 2698 hir
657 2664 688 2698 zu
712 2647 756 2698 der
777 2647 895 2698 Antwort
922 2644 966 2697 des
992 2643 1107 2696 bocchus
1134 2659 1165 2696 zu

95 2715 139 2766 ihn
157 2716 222 2768 noch
248 2716 274 2767 in
291 2714 373 2768 voller
391 2715 514 2782 Geltung,
540 2716 606 2768 noch
657 2716 780 2779 reehnen,
804 2713 913 2765 scudem
936 2729 980 2764 zur
1004 2713 1165 2779 Darstellung

95 2785 184 2836 immet
211 2784 267 2836 eine
294 2801 337 2834 rea
365 2787 523 2844 communie,
553 2784 605 2835 und
657 2783 702 2836 dec
721 2782 923 2835 Schriltstellers.

96 2851 175 2905 durch
187 2851 460 2918 spalterGeschehenee
472 2852 542 2904 nicht
560 2852 605 2904 be·
691 2850 749 2905 110.
770 2855 791 2903 1.
808 2853 932 2917 pruneto:
958 2849 1008 2901 Das
1026 2863 1080 2899 war
1097 2847 1165 2900 Sulla

95 2922 175 2974 rtihrt.
658 2935 704 2970 nur
726 2918 750 2970 in
779 2919 829 2971 den
855 2919 944 2986 Augen
973 2917 1018 2970 des
1043 2917 1166 2982 bocchus,

130 2993 153 3045 3.
172 2993 335 3055 comperior:
354 2989 404 3041 wie
421 2992 463 3053 45,
484 2993 505 3040 1.
656 2988 717 3052 ihm,
735 2987 793 3038 dem
810 2986 902 3054 llbuig,
921 2986 1073 3054 gegeua'iber.

129 3059 231 3109 Punica
241 3058 309 3120 fide:
324 3058 431 3124 lium,
442 3061 507 3119 tut
517 3076 522 3106 :
541 3059 606 3108 baec
691 3060 714 3110 3.
733 3054 832 3116 suerit:
850 3055 997 3118 concessiv,
1015 3054 1064 3105 wie
1083 3055 1124 3118 31,
1143 3055 1168 3117 8,

95 3125 218 3178 Romano
246 3144 313 3190 esee,
345 3142 399 3176 non
426 3129 605 3177 versutiarum
657 3126 717 3176 aber
741 3124 806 3176 ohne
824 3124 912 3176 lronie.
948 3123 996 3174 Der
1014 3121 1087 3173 Sinn:
1124 3120 1166 3172 lch

94 3195 259 3246 Punicmmn
266 3211 349 3260 nequa
360 3196 516 3246 calliditatis
526 3192 605 3244 Grae·
656 3207 715 3259 mag
734 3208 760 3245 es
779 3192 848 3244 wohl
865 3191 957 3254 leiden,
976 3191 1035 3242 dass
1053 3189 1094 3241 ich
1113 3189 1165 3240 ein·

96 3279 156 3328 cao,
184 3263 258 3328 apud
286 3278 351 3328 quoa
382 3263 480 3324 follere
506 3263 605 3313 boetem
657 3261 707 3312 mal
734 3261 799 3312 habe
826 3260 935 3312 fremder
953 3258 1018 3310 llilfe
1044 3256 1165 3308 bedurieu

95 3335 222 3450 ppamssoi
239 3347 368 3450 shupercpe
382 3331 530 3450 gloriosis?
548 3330 606 3391 fue-
656 3324 1167 3458 rphpsen:hdeineFrplpndispppltsiiptgdeipp
1236 3396 1237 3400 Ἰ

94 3417 139 3453 rr.
197 3415 243 3452 occ
263 3414 305 3463 us,
331 3413 356 3449 m
400 3414 477 3451 lesem
525 3413 603 3449 uen·
707 3412 779 3448 erse
799 3412 831 3448 on
851 3411 902 3447 wer
939 3435 945 3458 ,

94 3469 178 3522 bliche
202 3467 268 3520 noch
291 3467 518 3530 uuentschlossen,
543 3415 604 3518 han·
655 3413 702 3516 mir
729 3465 790 3516 dber
818 3464 889 3515 alles.
936 3461 985 3512 Der
1011 3459 1166 3512 Relalivsatz

95 3537 162 3590 delte
187 3551 269 3606 gegen
288 3534 377 3601 beide,
402 3534 471 3586 Sulla
490 3534 542 3586 und
559 3534 603 3586 lu·
656 3549 710 3600 qua
730 3572 736 3584 .
756 3571 787 3584 ..
814 3532 896 3582 babeo
921 3529 1019 3581 enthblt
1041 3528 1094 3579 also
1118 3526 1165 3578 deu
1265 3570 1268 3575 .

95 3605 196 3673 gurtha,
215 3603 354 3656 unehrlieh.
656 3601 756 3666 Grund,
780 3614 875 3650 warum
895 3598 947 3649 ihm
966 3597 1011 3649 das
1030 3595 1099 3647 nicht
1116 3595 1165 3646 leid

130 3677 288 3724 attinuisse:
306 3673 358 3740 vgl.
376 3671 417 3723 Or.
436 3669 501 3722 Phil.
522 3674 561 3723 16,
656 3671 726 3721 thue.

128 3740 192 3798 109.
211 3747 233 3796 2.
253 3743 392 3792 voluerut:
411 3738 516 3804 Subject
526 3737 603 3790 Sulla.
691 3740 713 3789 4.
733 3751 878 3801 numquam
961 3734 1117 3800 putaveris;
1134 3747 1166 3782 zu

130 3816 154 3866 3.
175 3811 324 3877 acssuppl.
345 3807 605 3874 dicit;vgl.zu25,
657 3809 697 3871 85,
715 3808 756 3857 47.
1078 3823 1081 3826 ⁴

915 3886 962 3940 14*
