2602 4358
153 157 223 241 llll
520 157 548 212 C.
567 157 721 211 sactusrt
738 156 839 211 GRlSPl

153 333 327 407 incruento,
342 330 429 392 aliam
444 348 506 391 rem
522 328 701 410 aggreditur,
718 347 778 390 non
795 328 894 389 eadem
909 329 1082 409 asperitate,
1098 347 1157 409 qua
1174 329 1231 393 Ca·

153 417 316 498 psensium‚
332 426 462 478 ceterum
479 415 557 476 haud
572 432 659 476 secus
674 413 832 475 dildoilem.

123 516 136 562 5
237 502 371 580 Namque
391 499 469 562 baud
491 501 579 579 longe
602 518 618 561 a
639 499 762 561 llumine
778 499 950 574 Muluccha,
974 499 1052 579 quod
1068 499 1230 579 lugurthae

153 587 322 665 Bocchique
336 604 461 665 regnum
477 584 659 664 diiungebat,
675 593 737 646 erat
748 585 826 646 inter
837 594 963 646 ceteram
978 584 1130 664 planitiem
1140 602 1230 649 mons

155 691 277 745 saxeus,
292 672 434 733 mediocri
450 670 569 733 castello
585 671 655 731 satis
670 678 792 751 patens,
807 670 838 730 in
854 669 1023 731 inmensum
1038 670 1150 743 editus,
1166 688 1230 733 uno

154 764 334 839 perangusto
355 756 435 818 aditu
458 756 576 830 relieto;
599 774 666 816 nam
690 756 786 816 omnis
810 764 912 817 natura
927 754 1007 816 velut
1027 773 1120 836 opere
1138 764 1231 835 atque

124 854 139 903 6
155 842 292 905 consulto
307 860 459 921 praeceps.
491 841 586 912 Quem
601 841 698 903 locum
714 840 835 916 llarius,
851 840 930 919 quod
946 840 987 901 ibi
1003 841 1082 919 regis
1096 840 1230 903 thesauri

155 938 248 1001 erant,
264 945 378 988 summa
393 927 419 986 vi
436 944 541 1006 capere
556 926 691 988 intendit.
724 924 782 987 Sed
799 944 832 987 ea
846 943 895 986 res
909 925 986 987 lorte
1000 944 1087 1005 quam
1103 924 1230 988 consilio

124 1026 137 1074 t
154 1013 260 1075 melius
273 1021 364 1090 gesta.
386 1012 458 1073 Nam
471 1011 590 1072 castello
601 1012 732 1072 virorum
743 1018 832 1090 atque
843 1028 991 1071 armorum
1003 1010 1074 1073 satis
1083 1022 1230 1091 etmagna

155 1099 198 1160 ris
213 1097 354 1158 frumenti
371 1106 399 1158 et
414 1097 482 1157 lons
497 1114 606 1176 aquae;
620 1096 778 1175 aggeribus
793 1096 986 1175 turribusque
1001 1104 1030 1157 et
1040 1095 1105 1158 aliis
1116 1096 1230 1159 machi·

156 1182 326 1244 nationibus
348 1181 433 1243 locus
455 1182 651 1260 inportunus;
674 1182 730 1243 iter
752 1181 978 1243 castellonomm
1000 1190 1161 1260 angustum
1178 1181 1231 1243 ad·

125 1278 139 1327 8
154 1267 285 1343 modum,
297 1267 446 1346 utrimque
457 1267 634 1346 praecisum.
650 1266 759 1328 Vineae
770 1285 837 1327 cum
849 1266 964 1345 ingenti
975 1267 1109 1346 periculo
1120 1267 1231 1330 frustra

155 1352 332 1432 agebantur:
356 1371 423 1413 nam
440 1370 507 1412 cum
524 1371 574 1413 eae
590 1352 677 1431 paulo
693 1360 916 1431 processerant,
938 1351 1001 1430 igni
1016 1360 1068 1413 aut
1081 1352 1232 1432 lapidibus

125 1437 436 1516 ecorrumpebantur;
453 1437 561 1500 milites
576 1455 673 1515 neque
689 1456 744 1516 pro
760 1455 850 1517 opere
863 1436 1026 1498 consistere
1036 1446 1162 1516 propter
1172 1436 1231 1498 ini-

158 1523 297 1603 quitatem
313 1521 370 1583 looi
386 1540 485 1601 neque
499 1523 577 1584 inter
592 1523 691 1584 vineas
705 1523 770 1584 sine
784 1522 919 1602 periculo
934 1522 1157 1598 administrare3
1175 1526 1231 1603 op

104 1609 142 1666 98
157 1619 257 1670 tumus
273 1607 399 1686 quisque
411 1608 516 1669 cadere
530 1616 581 1669 aut
595 1607 729 1684 sauciari,
746 1607 852 1670 ceteris
867 1617 964 1669 metus
977 1608 1090 1685 augeri.
1119 1608 1158 1669 tt
1168 1607 1231 1669 lla·

157 1694 220 1755 rius
242 1692 343 1754 multis
365 1692 470 1755 diebus
492 1702 521 1754 et
540 1692 690 1754 laboribus
706 1693 892 1772 consumptis
907 1692 1013 1755 anxius
1027 1693 1145 1755 trabere
1160 1710 1231 1755 cum

156 1779 254 1840 animo
270 1796 335 1853 suo,
350 1777 536 1840 omitteretne
547 1777 709 1858 inceptum,
725 1778 865 1858 qnoniam
876 1777 986 1839 frustra
997 1786 1070 1855 erat,
1084 1796 1122 1839 an
1134 1778 1231 1841 lortu·

126 1872 141 1923 2
157 1881 224 1925 nam
237 1863 435 1943 opperiretur,
448 1882 505 1943 qua
515 1881 604 1942 saepe
614 1881 758 1943 prospere
771 1882 842 1925 usus
853 1863 959 1924 luerat.
978 1862 1060 1933 Quae
1072 1881 1140 1925 cum
1152 1863 1232 1925 mul·

156 1956 203 2010 tos
214 1948 276 2008 dies
288 1947 444 2027 noctisque
454 1956 592 2009 aestuans
603 1948 734 2028 agitaret,
747 1950 823 2010 lorte
834 1948 952 2027 quidam
960 1948 1062 2027 Ligus,
1072 1966 1109 2011 ex
1121 1948 1232 2011 cobor-

155 2033 235 2094 tibus
250 2033 408 2095 auxiliariis
429 2033 514 2095 miles
529 2035 698 2113 gregarius,
720 2035 823 2096 castris
843 2042 983 2112 aquatum
998 2049 1137 2110 egressus
1151 2033 1232 2095 houd

156 2117 261 2198 procul
276 2117 312 2179 ab
327 2117 418 2180 latere
434 2118 560 2193 castelli,
583 2119 663 2197 quod
684 2137 820 2181 avorsum
836 2117 1048 2198 proeliantibus
1063 2127 1144 2194 erat,
1165 2119 1232 2181 ani·

156 2221 237 2264 mum
258 2203 383 2264 advortit
402 2203 481 2264 inter
501 2221 568 2263 saxa
591 2205 723 2283 repentis
745 2203 876 2278 oooleas;
903 2220 1028 2282 quarum
1049 2221 1118 2267 cum
1141 2223 1232 2267 unam

156 2299 244 2367 atque
254 2287 384 2362 alteram,
401 2287 469 2348 dein
481 2287 582 2367 plures
597 2297 720 2367 peteret,
735 2289 832 2349 studio
844 2287 964 2367 legundi
979 2287 1121 2368 paulatim
1135 2307 1234 2370 prope

126 2378 140 2428 3
155 2373 191 2433 ad
207 2390 354 2434 summum
369 2373 479 2433 montis
494 2391 632 2451 egressus
647 2383 700 2435 est.
735 2372 790 2433 Ubi
806 2382 961 2453 postquam
977 2373 1168 2437 solitudinem
1184 2375 1233 2437 in·

155 2457 364 2534 tellexit,more
372 2458 474 2536 ingeni
484 2458 607 2520 humani
618 2459 725 2539 cupido
738 2458 866 2520 dilficilia
877 2458 1008 2520 laciundi
1018 2459 1151 2521 animum
1163 2478 1233 2521 vor·

189 2612 213 2662 4.
232 2624 278 2659 oc:
296 2608 362 2669 „und
371 2612 465 2670 zwar“;
475 2609 525 2660 wie
535 2615 614 2675 atque
624 2612 666 2673 89,
752 2612 776 2662 9.
795 2611 952 2659 consistere:
976 2607 1085 2661 Zudem
1103 2608 1177 2676 Folg.
1198 2611 1235 2663 ist

156 2680 171 2730 6
190 2693 216 2730 u.
235 2676 310 2730 oster.
602 2682 605 2687 '
716 2681 774 2729 eino
790 2677 911 2743 periculo
930 2675 1158 2738 hinzuzudenlrem
1175 2679 1232 2746 vgl.

190 2746 354 2797 baudericus.-
365 2744 666 2811 „nichtebeuweniger.“
716 2748 795 2812 42,3;
806 2747 885 2808 63,3;
896 2743 1159 2808 oeconomorum
1167 2747 1234 2799 wird

155 2813 200 2864 llie
223 2812 386 2865 llindernisse
409 2827 496 2865 waren
523 2812 577 2864 hier
598 2827 667 2864 awar
715 2830 801 2881 porro,
819 2812 864 2865 das
879 2826 937 2864 man
958 2812 1000 2865 bei
1024 2812 1070 2866 der
1084 2820 1170 2867 moun
1183 2814 1233 2868 Be·

155 2881 226 2933 nicht
243 2879 372 2932 dieselben
391 2879 415 2931 d.
429 2880 445 2932 i.
464 2896 516 2932 von
534 2880 665 2933 derselben
717 2881 853 2947 tracldung
870 2881 997 2946 vermisst,
1015 2881 1185 2935 entbelirlicb.

154 2948 216 3013 Art,
237 2949 287 3000 wie
311 2947 352 2999 bei
377 2947 470 3015 Capsa,
495 2949 556 3001 aber
578 2948 666 3000 darum
752 2949 958 3001 administrare:
976 2964 1008 3001 cu
1026 2952 1068 3016 td,
1077 2952 1103 3002 3.

156 3015 227 3068 nicht
245 3016 369 3082 geringer.
752 3023 876 3083 optumus
908 3020 1034 3083 quosque:
1064 3017 1133 3070 deon
1160 3018 1232 3073 disse

189 3088 214 3136 5.
233 3083 393 3136 Motaooota:
410 3100 442 3135 zu
464 3087 502 3151 19,
513 3088 537 3138 t.
718 3090 819 3150 wagten
838 3084 892 3137 rich
910 3100 951 3137 am
969 3090 1054 3139 ersten
1071 3101 1127 3139 vor.

190 3152 313 3202 cartello:
331 3150 380 3204 lter
394 3150 468 3203 llativ
482 3153 607 3217 wie98,3
626 3150 667 3203 bei
751 3151 798 3209 93.
818 3157 840 3205 l.
859 3155 981 3205 trabere.-
999 3168 1031 3205 zu
1049 3155 1127 3220 set.

155 3236 254 3287 porum
272 3220 385 3284 amplus.
751 3225 777 3273 2.
796 3227 933 3272 caluom:
952 3237 1004 3273 von
1019 3221 1064 3273 der
1075 3222 1231 3291 unrubigen,

188 3292 353 3339 inmensum:
370 3303 402 3338 zu
420 3291 461 3353 48,
474 3290 498 3341 3.
717 3289 771 3340 aul·
796 3287 847 3340 und
866 3289 1042 3356 abwogenden
1060 3288 1232 3345 Gemdtbsbe·

189 3372 253 3407 nom
277 3361 340 3409 etc:
368 3355 510 3423 begrdndet
532 3354 602 3407 bloss
625 3353 666 3408 die
717 3371 837 3423 wegung.

156 3425 243 3476 Worte
258 3440 311 3475 uno
326 3423 377 3476 und
391 3425 500 3475 relicte:
518 3423 604 3474 mehr
618 3423 666 3475 Zu-
751 3427 870 3476 animum
888 3426 1023 3477 advortit:
1040 3424 1093 3490 bat,
1110 3424 1233 3481 indieser

156 3494 240 3560 ginge
258 3492 308 3558 gab
327 3507 355 3545 es
373 3490 443 3543 nicht
461 3489 513 3542 und
522 3489 619 3543 konnle
637 3507 664 3544 es
716 3496 868 3558 getrennten
891 3493 979 3559 Form,
1005 3509 1054 3546 nur
1076 3493 1131 3547 bier
1155 3496 1231 3549 maen

155 3560 225 3613 nicht
240 3559 334 3627 geben:
350 3560 416 3612 denn
431 3558 526 3620 u.s.l.;
545 3558 665 3611 demitist
714 3561 807 3614 Aecus.
825 3561 866 3613 bei
886 3561 947 3614 sich.

156 3629 226 3681 nicht
248 3632 352 3694 gesagt,
375 3627 436 3680 dass
460 3628 505 3681 der
522 3626 589 3694 Brrg
614 3643 663 3678 ron
751 3645 871 3694 egressus
889 3636 943 3680 ert:
962 3645 994 3681 zu
1013 3632 1054 3693 69,
1064 3632 1089 3682 6.

155 3697 237 3749 dieser
260 3696 329 3748 Seite
353 3695 424 3748 nicht
441 3697 489 3761 jib
507 3695 592 3762 abdel,
609 3698 664 3761 sl
750 3701 774 3751 3.
793 3697 1233 3764 morotum.ingoni:wiirdeeiclr

154 3769 179 3816 7.
199 3768 222 3818 8.
714 3765 820 3818 leichter
844 3766 890 3817 mit
911 3765 969 3817 dem
994 3764 1054 3818 Satn
1077 3766 1232 3835 verbinden,

190 3836 285 3898 omnes,
302 3831 379 3886 narnl.
397 3848 482 3885 mons.
716 3849 791 3887 wenn
815 3834 861 3887 das
878 3833 1011 3887 Praedicat
1035 3838 1104 3887 etna
1127 3838 1234 3891 tooure
