2602 4358
434 171 592 226 EPISTULA
609 169 824 223 MlTllRthTlS.

1105 163 1166 226 265

95 372 220 434 corpora
243 350 351 411 bellum
367 348 531 421 conficere;
559 363 618 424 quo
636 361 731 420 neque
747 342 865 402 vincere
891 361 988 420 neque
1011 342 1086 403 vinci
1103 341 1168 403 sine
1184 351 1212 401 1¹1

93 450 146 501 tuo
163 435 294 519 periculo
315 452 486 515 possumus.
517 435 561 492 hn
578 431 696 510 ignoras
711 427 876 502 Romanos,
893 436 1049 506 postquam
1065 428 1100 487 ad
1117 447 1168 488 oc·

96 526 238 587 cidentem
251 519 444 602 pergentibus
456 519 544 579 finem
558 517 694 578 Oceanus
705 513 784 588 lecit,
801 532 880 574 arma
892 514 951 574 huc
962 510 1167 574 convertisse?

95 629 192 690 neque
207 608 366 687 quicquam
381 624 397 665 a
412 604 560 684 principio
577 602 633 662 nisi
653 607 769 679 raptum
785 599 908 670 habere,
927 599 1046 659 domum
1063 601 1168 660 coniu-

94 715 145 776 ges
159 713 247 774 agros
262 687 442 770 imperium?
459 706 604 750 convenas
617 686 685 746 olim
702 684 766 745 sine
782 685 874 764 patria
887 684 1069 764 parentibus,
1084 695 1167 764 peste

95 780 232 842 conditos
246 776 327 838 orbis
349 784 510 836 terrarum:
535 773 643 854 quibus
659 790 720 832 non
735 770 863 831 humana
885 770 942 831 nlla
960 789 1056 849 neque
1069 769 1164 831 divina

95 867 222 940 obstant,
244 862 316 942 quin
332 860 428 921 socios
443 860 569 934 amicos,
586 856 691 937 procul
708 856 787 916 iuxta
804 855 885 929 sitos,
902 857 1007 934 inopes
1024 857 1166 934 potentis·

95 971 154 1030 que
176 949 306 1022 trahant,
329 945 500 1021 excindant,
527 946 684 1023 nimiaque
708 960 768 1001 non
785 959 866 1001 serva
883 949 911 1000 et
926 960 1061 1001 maxume
1077 959 1168 1020 regna
1185 947 1213 999 18

95 1036 212 1098 hostilia
235 1034 352 1094 ducant.
388 1030 519 1110 Namque
541 1029 628 1110 pauci
650 1027 827 1099 libertatem,
855 1045 923 1106 pars
947 1045 1051 1105 magna
1074 1026 1168 1106 iustos

32 1183 37 1197 ,
62 1133 65 1136 ’
96 1122 231 1183 dominos
246 1118 366 1179 volunt:
391 1135 445 1177 nos
465 1115 597 1195 suspecti
612 1132 714 1174 sumus
730 1111 836 1173 aemuli
860 1120 888 1172 et
903 1111 933 1172 in
953 1120 1086 1192 tempore
1102 1113 1167 1173 vin·
1184 1123 1213 1174 19

97 1207 176 1268 dices
191 1203 328 1268 adfuturi.
355 1202 399 1262 Tu
412 1220 492 1276 vero,
508 1201 556 1261 cui
568 1199 718 1272 Seleucea,
735 1215 868 1257 maxuma
880 1197 1009 1270 urbium,
1026 1216 1168 1277 regnum·

96 1310 154 1370 que
168 1289 297 1352 Persidis
312 1287 433 1349 inclutis
448 1286 555 1346 divitiis
570 1295 623 1357 est,
639 1283 709 1363 quid
725 1281 829 1342 abillis
846 1283 902 1343 nisi
919 1283 1019 1344 dolum
1035 1283 1065 1344 in
1082 1302 1168 1363 prae·

95 1397 164 1439 sens
180 1389 208 1438 et
223 1382 324 1454 postea
337 1371 445 1431 bellum
463 1367 634 1449 exspectas?
664 1369 788 1429 Romani
804 1387 882 1428 arma
895 1369 925 1429 in
942 1370 1038 1431 omnis
1051 1369 1171 1444 habent,
1187 1379 1219 1430 20

95 1478 248 1525 acerruma
263 1458 294 1519 in
311 1475 377 1531 eos,
401 1455 509 1535 quihus
526 1456 609 1516 victis
624 1455 716 1534 spolia
733 1472 867 1515 maxuma
883 1463 968 1515 sunt:
988 1455 1123 1515 audendo
1140 1465 1169 1515 et

95 1547 226 1610 fallundo
243 1553 272 1605 et
286 1543 361 1604 bella
376 1560 411 1601 ex
425 1540 511 1602 hellis
526 1540 656 1601 serundo
667 1540 766 1618 magni
780 1539 858 1600 lacti.
888 1539 946 1600 Per
960 1539 1041 1600 hunc
1056 1558 1168 1600 morem

96 1633 287 1710 exstinguent
308 1627 406 1689 omnia
430 1635 481 1688 aut
502 1626 656 1687 occident:
682 1626 761 1704 quod
784 1625 862 1685 haud
878 1625 995 1685 difficile
1013 1634 1071 1698 est,
1096 1626 1120 1687 si
1137 1635 1168 1687 tu
1184 1628 1212 1679 21

95 1714 319 1796 Mesopotamia,
337 1731 392 1773 nos
410 1712 548 1773 Armenia
564 1710 828 1790 circumgredimur
844 1711 1004 1771 exercitum
1027 1712 1091 1772 sine
1106 1712 1168 1771 sru-

95 1810 205 1877 mento,
222 1801 286 1861 sine
301 1798 429 1873 auxiliis,
453 1799 572 1858 lortuna
587 1805 637 1858 aut
652 1795 761 1856 nostris
776 1795 852 1856 vitiis
867 1796 963 1858 adhuc
978 1796 1167 1858 incolumem.

95 1889 197 1966 Teque
208 1886 256 1946 illa
267 1885 342 1945 lama
357 1893 508 1963 sequetur,
523 1882 630 1943 auxilio
642 1882 808 1961 proiectum
821 1883 935 1960 magnis
948 1883 1067 1959 regibus
1079 1883 1168 1943 latro·
1182 1889 1214 1941 Ὠ

98 1992 151 2034 nes
168 1971 299 2049 gentium
312 1969 506 2050 oppressisse.
537 1967 623 2038 Quod
637 1968 677 2027 uti
691 1968 780 2028 iacias
797 1984 903 2027 moneo
916 1968 1089 2047 hortorque,
1109 1986 1167 2028 neu
1183 1975 1214 2026 23

96 2058 180 2119 malis
196 2054 327 2137 pernicie
348 2061 447 2114 nostra
470 2063 549 2114 tuam
565 2051 709 2132 prolatare
726 2071 813 2133 qnam
833 2053 972 2114 societate
988 2053 1080 2114 victor
1093 2054 1166 2115 fieri.

130 2189 261 2224 convenas
280 2178 326 2224 etc.
346 2170 397 2238 vgl.
417 2169 470 2221 Cat.
490 2173 553 2232 6,1.

128 2245 185 2291 aine
194 2245 285 2306 patria
295 2240 463 2306 parantibus:
476 2253 543 2300 ,von
552 2237 605 2289 hei·

98 2309 221 2359 matlosen
231 2308 345 2372 Eltern“;
365 2321 455 2372 wegen
466 2311 524 2357 stae
532 2311 603 2371 patr.

97 2375 149 2442 vgl.
163 2375 216 2426 Cat.
228 2376 251 2439 3,
263 2377 291 2434 23
305 2375 397 2440 eberiso
408 2375 523 2426 nachher
537 2375 603 2440 §nt

96 2441 604 2576 Εῐςξῖὲῗεοεειῖιεῑεῗῗωὲοἳῖξθὲξρεὲίῖἶειιῗ

96 2580 148 2631 und
164 2580 217 2631 sein
228 2577 295 2629 Volls
313 2578 445 2630 entstehen
458 2579 544 2639 sollte;
563 2579 604 2630 dle

96 2647 236 2712 Grdndnng
252 2646 329 2698 Roma
347 2646 467 2698 bedentet
480 2647 526 2699 das
535 2647 604 2699 Ende

97 2716 142 2768 der
168 2715 242 2765 Welt.
278 2714 325 2766 ller
351 2714 435 2766 Ablat.
462 2723 533 2780 peste
559 2717 605 2766 mit

95 2785 162 2834 Attr.
180 2799 212 2833 zu
230 2783 309 2849 vergl.
328 2784 373 2834 mit
390 2783 442 2834 cat.
457 2788 496 2850 51,
508 2787 539 2836 32
559 2788 606 2849 qui

95 2852 167 2902 mala
185 2854 251 2916 reip.
271 2858 424 2914 creverant;
440 2851 493 2904 Liv.
504 2855 527 2912 2,
542 2857 564 2914 1,
575 2855 603 2904 3:

94 2924 207 2987 pessimo
219 2921 325 2986 publico
339 2921 369 2971 id
375 2921 514 2984 factarum
530 2922 605 2972 eben·

94 3005 124 3041 so
143 2988 287 3052 cammada,
303 2990 479 3054 incommoda,
498 2990 604 3052 damno,

95 3058 278 3120 emolumento,
296 3059 426 3124 pericula.

128 3141 182 3175 non
191 3141 282 3174 sarua.-
291 3151 324 3170 =
331 3142 385 3175 non
392 3128 535 3174 servientia
546 3125 604 3172 sihi.

109 3196 170 3245 -18,
202 3193 314 3241 aemuli:
346 3188 416 3243 nicht
441 3191 606 3241 unmittelbar

96 3259 241 3320 Praedicat‚
267 3258 377 3310 welches
399 3258 556 3324 vollstaendig
580 3259 604 3308 in

94 3344 167 3392 susp.
180 3342 271 3376 samus
289 3326 418 3377 enthallen
435 3327 477 3389 ist,
495 3325 604 3377 sondern

96 3395 210 3448 causaler
228 3394 333 3458 Znsata,
356 3395 406 3445 wie
424 3394 464 3444 die
482 3394 605 3445 ntichsten

97 3465 194 3515 Worte.

129 3537 159 3582 ia
178 3536 309 3593 tempora:
327 3543 358 3579 zu
375 3528 428 3594 lug.
448 3533 489 3594 56,
507 3532 531 3582 2.

133 3602 171 3652 te.
191 3599 332 3650 Seleucea:
350 3596 411 3648 ader
420 3597 549 3662 Seleucia,
558 3601 606 3650 Σε-

98 3664 199 3719 λεύκεια
215 3662 230 3727 ἡ
246 3682 265 3715 π
286 3661 316 3720 dc
326 3662 442 3731 Τίγριδι,
461 3666 607 3732 gegendber

25 3732 27 3739 ’
97 3733 244 3800 Ktesiphon,
263 3682 308 3785 der
325 3733 520 3800 geudhnlichen
536 3734 606 3786 Resi-

98 3801 162 3853 denz
172 3803 215 3854 der
224 3801 436 3869 Partherkdnige;
451 3802 530 3854 durch
539 3802 606 3854 llan-

97 3869 607 3924 delsverkehrhldhendeStadtmitlreier

657 2170 828 2236 griechischen
845 2168 1038 2236 Bevdllserung;
1059 2175 1168 2290 geqrirn·

657 2240 699 2289 det
708 2238 839 2301 (wieaach
850 2238 891 2290 die
901 2239 1086 2306 gleichnamige
1113 2239 1168 2291 tadt

656 2307 681 2357 in
701 2305 792 2425 Sprien
811 2321 850 2358 am
870 2307 989 2372 Orontes)
1011 2323 1061 2360 ron
1080 2308 1169 2361 Seleu·

656 2390 702 2427 cus
731 2375 866 2428 .Nicator.

657 2511 676 2560 d
690 2446 731 2495 21.
751 2444 838 2509 quad.-
854 2445 954 2495 hezieht
970 2444 1024 2495 sich
1041 2445 1086 2494 aul
1099 2448 1167 2494 ocei-

676 2517 727 2561 ent.

692 2579 886 2644 Mesopotamia
904 2585 952 2630 etc.
981 2579 1105 2644 Beispiele
1117 2596 1165 2631 von

656 2647 751 2698 diesem
771 2645 901 2697 Gebrauch
919 2647 964 2699 des
983 2648 1100 2699 Ablatirs
1120 2647 1167 2698 fin-

657 2716 705 2766 den
724 2715 778 2766 sich
803 2714 843 2766 bei
861 2715 957 2766 Sallust
981 2716 1049 2767 nicht
1069 2716 1166 2767 weltes.

657 2784 705 2834 Der
724 2783 785 2834 Sinn
803 2782 849 2834 ist:
879 2783 998 2835 Phraates
1022 2784 1098 2835 sollte
1116 2800 1166 2837 ron

656 2851 866 2918 Mesopotamien,
884 2850 1042 2904 Mithridates
1056 2867 1105 2903 von
1121 2856 1166 2904 Ar·

656 2921 756 2970 menien
784 2919 828 2971 her
854 2920 895 2971 die
921 2921 1049 2973 zwlsehen
1075 2921 1165 2973 beiden

656 2989 770 3039 Laudem
788 2988 814 3039 in
833 2986 952 3055 Sophene
969 2989 1021 3041 und
1036 2990 1166 3041 Gorduene

656 3057 796 3108 stehenden
814 3058 956 3110 romischen
976 3057 1095 3125 Truppen
1112 3074 1166 3109 um·

656 3125 748 3191 gehen,
766 3140 795 3176 so
806 3126 864 3178 dass
880 3125 949 3178 diese
959 3126 1165 3193 eingeschlossen

655 3193 768 3245 worden.

690 3264 730 3313 22.
741 3269 817 3328 taque
829 3301 834 3313 .
847 3301 852 3313 .
863 3268 988 3326 sequatur
999 3269 1047 3315 etc.
1067 3263 1165 3328 Wegen

656 3328 701 3381 des
719 3329 866 3382 husdrnclss
889 3329 941 3395 vgl.
958 3331 1011 3381 Cat.
1030 3335 1073 3393 ht,
1090 3335 1114 3382 5.
1132 3357 1166 3368 ·-

655 3395 716 3448 Dem
744 3397 866 3449 Phraates
893 3396 974 3448 selhst
1007 3397 1093 3449 warde
1125 3398 1166 3449 ein

656 3464 756 3515 solcher
770 3465 852 3516 Ruhm
871 3465 941 3516 nieht
955 3465 1026 3517 mehr
1043 3480 1075 3516 nn
1085 3463 1167 3531 Theil,

657 3531 717 3582 aber
728 3533 816 3584 seinen
834 3531 1011 3600 Machlolgem.
1036 3533 1167 3585 lmsechs·

656 3598 765 3651 zehnten
782 3600 861 3652 ,lehre
878 3600 941 3651 nach
963 3600 1057 3652 diesem
1076 3600 1167 3667 Briele,

658 3669 705 3719 tut
725 3669 779 3732 (53)
798 3668 856 3719 liam
875 3669 980 3721 Crassus
997 3669 1032 3720 im
1052 3669 1166 3722 Parthen·

657 3733 745 3801 kriege
763 3752 817 3795 nm;
836 3741 893 3788 erst
904 3743 978 3788 anter
995 3737 1043 3789 den
1062 3737 1165 3792 llaisern

657 3802 789 3924 lpqmplten
807 3804 848 3855 die
861 3805 953 3858 Rdmer
963 3805 1020 3858 dort
1036 3806 1082 3859 mit
1095 3806 1167 3860 mehr

688 3888 746 3925 uc.

534 3977 737 3988 ——-
