2602 4358
366 168 407 220 lili
423 168 525 253 putto
543 167 697 223 ructarit.
732 170 760 223 G.
778 173 801 224 6.
821 173 845 223 7.

1032 190 1074 253 '⁰
1104 243 1209 322 nich.

70 349 186 404 menter
197 358 232 401 eo
248 341 367 420 negotio
378 349 531 422 permotus
546 340 637 403 multa
652 359 719 403 cum
730 342 829 404 animo
840 360 895 403 suo
906 343 1047 405 volvebat.
1071 344 1144 406 Ter·
1164 356 1179 406 3

71 426 154 488 rehat
168 444 236 487 eum
252 434 355 488 natura
371 427 538 489 mortalium
553 427 634 488 avida
649 427 754 506 imperi
770 435 799 489 et
814 445 957 508 praeceps
968 429 1003 490 ad
1020 428 1142 508 explen-

71 513 136 573 dam
151 511 242 572 animi
257 509 439 591 cupidinem,
455 522 606 592 praeterea
618 511 825 592 opportunitas
837 532 907 574 suae
922 512 1144 593 liberorumque

71 597 181 671 aetatis,
204 614 280 675 quae
296 597 383 659 etiam
398 597 554 658 mediocris
569 597 648 659 viros
663 616 717 676 spe
732 598 857 678 praedae
871 606 1058 660 transvorsos
1072 599 1142 679 agit,

70 682 105 743 ad
121 682 177 742 hoc
192 681 287 743 studia
302 681 494 743 Numidarum
516 682 547 744 in
563 681 734 761 Iugurtham
756 700 896 757 accensa,
920 702 954 744 ex
971 682 1094 763 quihus,
1116 683 1143 746 si

69 766 157 829 talem
168 766 262 827 virum
278 766 353 827 dolis
368 766 574 842 interfecisset,
591 785 629 828 ne
640 785 696 846 qua
711 767 816 828 seditio
827 776 879 829 aut
889 767 1000 829 bellum
1011 769 1142 830 oriretur

70 852 175 913 anxius
190 858 260 912 crat.
284 849 337 912 llis
352 851 572 914 difficultatibus
587 852 806 914 circumventus
821 851 872 914 uhi
886 853 964 914 videt
979 872 1078 933 neque
1088 871 1143 933 per
1161 862 1177 917 7

70 937 127 997 vim
143 953 241 1014 neque
256 935 371 997 insidiis
386 937 515 1018 opprimi
529 955 618 1017 posse
632 937 784 998 hominem
798 945 857 998 tam
873 946 1027 1017 acceptum
1043 956 1141 1018 popu·

70 1021 197 1096 laribuS,
220 1021 299 1100 quod
315 1030 376 1083 erat
391 1021 532 1102 iugurtha
546 1039 637 1083 mauu
659 1029 816 1102 promptus
831 1030 861 1084 et
874 1023 1016 1103 adpetens
1032 1023 1142 1102 gloriae

70 1105 219 1180 militaris,
241 1106 342 1168 statuit
363 1125 430 1168 eum
452 1107 599 1169 obiectare
620 1106 762 1187 periculis
782 1115 811 1170 et
832 1108 970 1182 eomodo
991 1108 1142 1169 fortunam

69 1198 223 1272 temptare.
260 1191 354 1270 igitur
368 1191 446 1254 hello
460 1192 641 1254 Numantino
656 1191 778 1272 Micipsa
795 1211 864 1254 cum
879 1192 992 1273 populo
1007 1191 1141 1254 Romano
1156 1209 1172 1260 2

70 1277 203 1356 equitum
218 1283 306 1356 atque
321 1276 456 1357 peditum
472 1277 577 1340 auxilia
592 1277 737 1354 mitteret,
760 1296 884 1357 sperans
899 1277 944 1339 vel
965 1277 1141 1340 ostentando

69 1363 205 1423 virtutem
217 1361 262 1423 vel
274 1361 404 1423 hostium
416 1364 534 1424 saevitia
546 1362 631 1424 facile
643 1381 710 1423 eum
723 1380 908 1437 occasurum,
925 1363 1068 1442 praefecit
1077 1362 1141 1424 Nu·

69 1447 172 1523 midis,
193 1464 269 1525 quos
290 1447 320 1508 in
337 1445 508 1526 Hispaniam
528 1447 669 1509 mittebat.
699 1447 758 1508 Sed
780 1466 813 1509 ea
834 1465 883 1509 res
904 1447 993 1526 longe
1009 1448 1094 1510 aliter
1107 1463 1171 1514 act

69 1542 151 1594 ratus
166 1540 228 1593 erat
243 1531 349 1592 evenit.
381 1531 455 1594 Nam
470 1532 628 1610 iugurtha,
651 1540 684 1594 ut
705 1539 768 1593 erat
781 1531 900 1611 inpigro
914 1540 1004 1612 atque
1019 1533 1080 1594 acri
1094 1533 1141 1593 in·
1156 1548 1172 1598 4

70 1618 174 1696 genio,
198 1615 250 1676 ubi
271 1625 406 1678 naturam
428 1615 460 1679 P.
476 1617 641 1696 Scipionis,
663 1617 799 1696 quitum
821 1616 962 1678 Romanis
983 1617 1143 1696 imperator

70 1710 149 1775 erat,
171 1710 201 1762 et
215 1718 327 1762 morem
349 1701 479 1763 hostium
494 1701 648 1781 cognovit,
671 1701 764 1764 multo
779 1701 879 1763 labore
893 1702 1045 1781 multaque
1060 1719 1141 1775 cura,

69 1799 220 1868 praeterea
234 1786 460 1848 modestissume
471 1786 603 1867 parendo
618 1795 648 1848 et
661 1805 750 1866 saepe
761 1786 875 1848 chriam
891 1787 989 1848 eundo
1000 1785 1143 1866 periculis

69 1873 100 1934 in
116 1880 225 1934 tantam
242 1871 446 1934 claritudinem
461 1872 545 1934 brevi
563 1880 752 1952 pervenerat,
774 1880 808 1934 ut
829 1872 939 1934 nostris
953 1872 1143 1933 vehementer

70 1976 166 2031 carus,
180 1956 368 2019 Numantinis
382 1976 519 2020 maxumo
535 1957 642 2020 terrori
658 1965 746 2020 esset.
776 1959 820 2018 hc
834 1975 915 2032 sane,
932 1957 1012 2038 quod
1027 1955 1141 2018 difficil·
1156 1973 1171 2022 t

70 2073 134 2125 alter
151 2073 239 2132 Form;
263 2075 315 2140 vgl.
335 2073 377 2126 Or.
395 2074 456 2142 Lep.
476 2076 508 2127 23
527 2074 580 2126 und
666 2074 776 2137 quihus.-
795 2072 903 2124 nimlich
920 2072 1024 2124 studim.

70 2141 125 2193 Cat.
142 2143 185 2202 51,
203 2144 244 2194 24.
665 2140 690 2196 7.
708 2143 733 2195 2.
752 2139 1011 2192 belloNumontino:
1028 2139 1142 2192 Mehrere

104 2212 129 2262 3.
155 2212 344 2274 opportunitas
371 2213 419 2261 etc.
463 2209 508 2261 Die
535 2225 579 2262 aur
631 2207 812 2261 Celtiberische
825 2207 1013 2261 Volksstamme
1031 2208 1142 2260 erhoheu

68 2276 233 2342 Ausshhrung
251 2276 419 2343 geffihrlicher
436 2277 579 2344 huschl'dge
630 2277 685 2330 sich
704 2281 751 2330 611
763 2278 842 2341 (14³),
860 2276 940 2328 durch
952 2276 1080 2329 Viriathus
1098 2291 1143 2328 an·

70 2345 192 2411 giustige
209 2343 388 2410 Selegenheit,
408 2345 505 2399 welche
523 2347 578 2398 sein
629 2345 739 2465 perciet,
772 2360 856 2413 gegen
881 2344 923 2397 die
949 2344 1051 2397 Rdmer.
1093 2343 1143 2396 Der

69 2412 150 2464 hohes
173 2411 226 2463 und
248 2412 331 2464 reiner
351 2411 437 2465 Sohue
461 2413 579 2481 geringes
653 2413 765 2480 auptsita
778 2413 823 2465 des
832 2412 890 2464 Krie
909 2427 1001 2464 eswar
1018 2410 1142 2463 dieStadt

69 2480 140 2532 Alter
157 2478 214 2530 dem
233 2478 292 2545 Jug.
310 2479 408 2531 darbot.
630 2481 774 2544 Numantia,
791 2481 824 2532 im
835 2428 920 2533 Laude
929 2480 974 2532 der
983 2479 1142 2554 Pelendones

104 2563 187 2614 quae:
206 2547 251 2598 aui
266 2552 412 2613 apportata.
431 2547 508 2600 ollein
526 2547 579 2600 und
631 2563 671 2600 nm
684 2549 777 2600 cheren
786 2547 878 2600 Durius
887 2549 914 2612 (j.
923 2547 1025 2611 liuere),
1044 2546 1142 2600 welche

69 2616 161 2669 descen
178 2614 331 2683 Bedeutung
348 2616 382 2666 im
395 2615 578 2683 hllgemeinen,
631 2618 679 2669 cat
691 2618 764 2680 (133)
773 2615 838 2667 nach
853 2613 1142 2667 luntzehumonatlieher

69 2684 140 2736 nicht
157 2683 203 2735 mit
221 2684 267 2735 aul
281 2699 346 2734 auae
364 2684 409 2735 lib.
423 2687 529 2749 aetatis,
548 2700 579 2736 zu
630 2683 792 2750 Belagemng
815 2698 866 2734 von
891 2682 947 2734 dem
962 2684 1037 2748 jung.
1055 2681 1141 2748 Scipio

69 2751 204 2812 heziehen;
232 2751 274 2804 die
297 2757 432 2819 getrennte
453 2751 579 2820 Stellung,
631 2752 733 2803 crobert
749 2751 800 2803 und
819 2752 927 2802 nerstdrt
944 2749 1041 2802 warde.
1064 2748 1142 2801 wth-

69 2820 120 2872 wie
138 2820 193 2872 Gat.
209 2822 250 2885 48,
272 2824 282 2872 1
303 2836 328 2872 u.
346 2824 370 2873 4.
630 2819 694 2872 reud
711 2817 794 2871 dieser
803 2817 963 2886 Belogeruug
981 2816 1142 2884 kamlugur·

100 2887 259 2951 mammo:
288 2888 388 2953 solche‚
411 2888 452 2940 die
475 2903 505 2939 an
524 2887 579 2940 sich
630 2887 675 2940 tha
691 2887 718 2938 iu
736 2886 782 2939 das
798 2885 864 2939 Heer
881 2886 927 2939 des
945 2887 1038 2954 Scipio.

69 2955 371 3008 selhstnichtdenlrieh
389 2957 479 3022 haben,
498 2960 579 3008 etwas
665 2958 689 3008 4.
708 2953 849 3006 llomonie:
868 2954 1000 3007 lierliativ
1014 2969 1065 3006 ron
1083 2953 1142 3004 dem

68 3023 302 3090 Ungewdhnliches
320 3024 580 3077 undAusserordent·
630 3022 811 3076 verbundenen
837 3026 986 3090 imperator
1013 3028 1073 3074 erat
1099 3021 1142 3072 ab·

68 3092 149 3144 liches
172 3092 216 3157 (im
239 3092 321 3145 Guten
344 3091 407 3144 oder
428 3093 522 3157 Bisen)
547 3107 579 3143 zu
631 3091 735 3159 hdnglg.

68 3159 141 3211 thun.
665 3157 918 3225 modestparccde:
944 3156 1142 3210 Dieserunddie

105 3233 272 3278 hanroorror
296 3231 369 3292 ogit:
395 3227 436 3279 die
453 3227 578 3294 delegen·
609 3284 611 3288 v
630 3227 736 3295 librigen
755 3225 826 3291 Zhge
844 3240 890 3278 aus
907 3225 1048 3292 Jugurthas
1059 3224 1141 3276 lland·

69 3295 123 3346 heit
148 3293 225 3346 treiht
253 3293 290 3345 sie
316 3309 362 3346 aus
389 3294 446 3347 dem
473 3296 578 3347 rechten
629 3295 785 3362 lungoweise
803 3307 890 3346 waren
914 3308 980 3360 ganz
1005 3293 1070 3344 nach
1088 3293 1142 3344 Sci-

68 3363 150 3429 Wege
172 3360 228 3426 (der
249 3361 289 3411 sur
309 3364 435 3414 medicor.
461 3366 511 3414 cir.
535 3379 578 3414 zu·
648 3363 687 3415 ios
705 3362 783 3426 Sinn,
806 3361 899 3413 descen
917 3361 1025 3427 Strenge
1048 3361 1074 3410 in
1098 3358 1143 3411 der

68 3431 140 3497 lillig
163 3429 215 3481 und
240 3428 307 3480 ohne
325 3429 364 3480 ihr
382 3429 516 3482 Verdienst
534 3430 579 3482 der
629 3379 751 3498 Nisciplin
765 3428 857 3496 gerade
875 3429 914 3480 hei
925 3428 1008 3481 dieser
1016 3427 1142 3494 delegen-

69 3497 248 3566 gewcihuliche
277 3496 331 3548 scin
365 3496 444 3562 kann)
472 3497 577 3558 heraus3
631 3498 685 3550 heit
701 3514 753 3550 von
770 3497 856 3548 Livius
873 3495 1081 3561 (nachllpit.5l)
1100 3495 1142 3545 he-

69 3563 579 3687 tritt»districtaru-
631 3563 1143 3695 ratramusteristro

69 3651 181 3769 flam}
192 3706 216 3766 3,
229 3675 259 3755 ll
273 3702 457 3754 secundaret-ec
476 3701 580 3752 laetitio
632 3702 681 3754 deu
700 3647 1076 3765 schwierigsteuliidgennoch
1093 3697 1142 3749 he-

70 3777 254 3822 tromoorratm
265 3771 374 3821 trudere
388 3770 499 3824 selecto
509 3775 581 3820 reete
632 3769 738 3823 scuders
750 3767 892 3834 schwierig.
928 3766 996 3818 llritz
1014 3767 1143 3818 ubersetat

70 3839 232 3892 commodo
252 3845 331 3905 atque
349 3838 537 3904 intellegendo.
633 3854 661 3890 es
681 3837 753 3900 „eine
765 3834 1142 3903 hochstschwierigehulgohe

923 3919 954 3972 Ἰ*
