2602 4358
145 168 206 230 148
262 252 266 259 Ι
515 173 542 224 G.
561 170 714 225 SALLUS'M
733 171 833 224 suiset

144 353 241 418 ratus,
265 345 293 404 id
310 344 389 424 quod
405 361 453 404 res
468 343 621 418 monebat,
644 343 839 423 frequentiam
855 343 1069 422 negotiatorum
1092 352 1122 405 et
1137 363 1220 407 oom-

144 439 242 492 meatu
258 429 419 490 iuvaturam
436 430 596 489 exercitum
613 441 642 490 et
657 429 712 491 iam
725 429 833 508 paratis
844 428 933 490 rebus
944 429 1128 491 munimento
1143 429 1220 492 lore.

115 515 225 576 alnter
247 515 319 575 baec
343 513 459 592 negotia
482 514 623 593 lugurtha
646 514 801 593 inpensius
824 513 911 574 modo
934 512 1044 592 legatos
1067 514 1221 595 supplices

143 601 274 673 mittere,
297 618 399 678 pacem
421 617 523 675 orare,
544 612 662 678 praeter
676 618 758 659 suam
781 598 1002 677 liberorumque
1017 599 1104 660 vitam
1119 601 1220 662 omnia

114 696 130 746 1
144 685 261 746 Metello
278 685 393 745 dedere.
431 684 512 756 Quos
528 685 597 746 item
616 686 658 745 uti
674 685 789 764 priores
805 683 911 745 consul
926 684 1051 746 inlectos
1065 684 1100 745 ad
1116 685 1220 764 prodi·

144 769 255 831 tionem
278 770 398 830 domum
421 769 598 831 dimittebat:
622 770 685 849 regi
708 788 810 848 pacem
826 788 912 849 quam
935 769 1102 850 postulabat
1121 789 1220 850 neque

145 855 275 917 abnuere
292 873 389 933 neque
404 854 555 935 polliceri,
577 863 605 916 et
625 855 704 917 inter
720 873 768 915 eas
782 873 880 916 moras
896 854 1040 934 promissa
1055 857 1219 934 legatorum

94 945 131 1002 48
146 949 326 1020 exspectare.
363 939 523 1019 Iugurtha,
539 940 589 1000 ubi
606 939 713 1000 Metelli
729 939 805 1000 diota
821 958 888 1001 oum
903 940 988 1001 lactis
1003 941 1171 1020 composuit
1186 960 1220 1003 ac

146 1045 177 1086 se
192 1026 254 1087 suis
270 1025 381 1086 artibus
397 1026 533 1105 temptari
549 1025 762 1099 animadvortit,
779 1025 947 1105 quippeoui
959 1025 1055 1086 verbis
1070 1024 1220 1106 pax'nun·

147 1110 281 1186 tiabatur,
299 1119 430 1170 ceterum
446 1111 602 1171 rebellum
619 1128 824 1189 asperrumum
840 1118 912 1185 erat,
927 1110 999 1171 urbs
1014 1129 1149 1172 maxuma
1164 1111 1219 1173 ali·

144 1204 237 1270 enata,
254 1213 322 1273 ager
333 1194 468 1256 hostibus
480 1196 627 1274 cognitus,
637 1195 726 1256 animi
739 1195 926 1276 popularium
938 1195 1082 1276 temptati,
1098 1205 1221 1258 coactus

114 1290 244 1343 trorum
262 1280 481 1342 necessitudine
496 1280 596 1342 statuit
612 1281 701 1342 armis
717 1290 839 1342 certare.
877 1279 973 1359 lgitur
995 1281 1147 1360 explorato
1163 1282 1220 1342 bo·

145 1365 233 1426 stium
250 1365 373 1439 itinere,
398 1365 428 1425 in
445 1384 527 1445 spem
542 1366 680 1427 victoriae
696 1365 839 1427 abductus
855 1385 889 1426 cx
912 1367 1135 1445 opportunitate
1149 1367 1220 1442 loci,

145 1469 233 1529 quam
248 1468 398 1512 maxumas
414 1459 511 1531 potest
526 1451 627 1531 copias
643 1452 774 1512 omnium
791 1469 934 1530 generum
950 1463 1033 1531 parat
1043 1470 1077 1512 ac
1092 1470 1147 1532 por
1158 1461 1220 1515 tra·

143 1535 229 1596 mites
245 1535 378 1598 occultos
394 1536 552 1597 exercitum
569 1536 678 1597 Metelli
693 1536 849 1598 antevenit.

113 1628 129 1678 3
229 1620 298 1682 Erat
312 1622 343 1681 in
360 1639 393 1681 ea
408 1631 491 1700 parte
503 1620 666 1697 Numidiae,
682 1640 769 1700 quam
782 1620 926 1682 Adherbal
942 1622 972 1681 in
988 1621 1132 1682 divisione
1147 1640 1220 1702 pos·

143 1705 274 1780 sederat,
296 1706 407 1766 flumen
424 1708 524 1768 oriens
547 1726 562 1767 a
578 1706 699 1767 meridie
716 1706 837 1767 nomine
852 1705 985 1781 Muthul,
1004 1725 1021 1766 a
1036 1724 1095 1784 quo
1116 1707 1221 1771 aberat

143 1809 230 1851 mons
244 1791 336 1851 lerme
352 1790 430 1852 milia
446 1810 586 1871 passuum
609 1791 712 1870 viginti
733 1801 829 1852 tractu
844 1790 926 1870 pari,
948 1798 1045 1852 vastus
1060 1791 1096 1852 ab
1112 1801 1220 1855 natura

144 1884 172 1936 et
186 1875 317 1938 humano
333 1875 431 1950 cultu;
455 1877 505 1937 sed
528 1896 563 1937 ex
580 1895 615 1937 eo
630 1876 727 1938 medio
744 1875 827 1955 quasi
843 1875 926 1936 collis
941 1875 1091 1937 oriebatur
1112 1876 1145 1938 iu
1170 1877 1219 1940 in·

143 1978 279 2022 mensum
295 1962 484 2040 pertingens,
505 1962 626 2022 vestitus
642 1961 767 2023 oleastro
788 1980 822 2022 ao
837 1961 971 2022 murtetis
986 1961 1108 2041 aliisque
1125 1980 1221 2041 gene-

114 2052 130 2102 1
145 2045 228 2106 ribus
237 2046 387 2119 arborum,
400 2065 475 2125 quae
486 2046 570 2108 humi
581 2047 663 2107 arido
671 2057 759 2125 atque
770 2046 917 2106 harenoso
925 2046 1099 2125 gignuntur.
1123 2046 1220 2110 Media

143 2141 241 2192 autem
257 2131 395 2210 planities
410 2132 523 2192 deserta
540 2132 664 2211 penuria
676 2150 769 2210 aquae
784 2141 902 2211 praeter
915 2131 1031 2192 flumini
1046 2131 1219 2212 propinqua

145 2216 224 2289 loca;
238 2236 271 2277 ea
284 2216 398 2277 consita
410 2215 537 2276 arbustis
549 2235 658 2297 pecore
666 2225 754 2296 atque
762 2216 927 2277 cultoribus
939 2216 1218 2296 frequentabantur.

176 2349 356 2415 frequentium
375 2353 590 2414 negotiatorum:
607 2349 652 2401 Die
738 2352 763 2400 3.
781 2353 810 2399 111
829 2350 972 2401 diuisione:
990 2365 1010 2400 s.
1032 2354 1069 2411 16,
1080 2354 1105 2402 b.
1134 2349 1221 2403 [leber

143 2432 231 2483 grosse
249 2417 310 2467 Zahl
328 2417 373 2468 der
389 2416 467 2469 durch
486 2416 556 2469 diese
573 2418 653 2470 Mass·
702 2418 858 2483 possederat
875 2417 994 2469 ebendas.
1013 2417 1053 2469 die
1071 2420 1146 2470 hum.

143 2485 213 2552 regel
235 2485 259 2535 in
279 2483 426 2552 Thitiglreit
448 2490 579 2552 gesctzten
601 2486 652 2538 und
739 2486 860 2537 Muthul:
878 2485 1007 2538 vielleicht
1024 2485 1069 2538 der
1086 2484 1219 2538 Rubrica-

143 2554 208 2604 naoh
222 2553 292 2620 Vaga
311 2552 445 2619 gelocbten
464 2557 652 2619 negotiator-ar.
704 2559 754 2617 tua,
767 2555 834 2618 jetzt
851 2553 983 2606 Seibouse.

141 2620 200 2674 Ilico
218 2636 304 2672 waren
322 2621 397 2674 meist
413 2622 502 2690 ltaler3
521 2638 540 2674 s.
560 2622 576 2689 ξ
596 2627 606 2675 1
627 2639 651 2674 u.
738 2627 827 2674 tractu
852 2628 930 2689 port:
964 2621 1026 2682 „mit
1056 2620 1114 2673 dem
1141 2621 1220 2676 Fluso

142 2705 173 2740 au
190 2692 265 2754 mm.
704 2689 916 2755 gleiohlaulend“.
957 2689 1072 2743 Gemeint
1094 2689 1130 2742 ist
1154 2691 1219 2744 viel·

177 2761 248 2808 iam:
266 2756 412 2824 gehdrtour
426 2773 458 2808 zu
470 2761 594 2824 porotir;
612 2758 652 2809 die
704 2756 783 2809 leicht
800 2758 845 2809 dos
863 2757 971 2824 Gebirge
989 2757 1123 2809 Thambes.

144 2824 530 2878 bereitsbeschalilenVorritbe
543 2825 592 2878 den
603 2841 651 2878 neu
738 2826 770 2874 ob
791 2830 906 2876 notura:
934 2827 966 2876 ab
985 2841 1052 2887 „von
1071 2822 1189 2879 Scitcn.“

143 2893 428 2945 horbeiauschaffeuden
446 2894 599 2961 gegendber.
738 2896 845 2957 quaet=
855 2893 948 2958 fermo,
963 2910 993 2945 zu
1003 2893 1090 2944 medio
1100 2893 1219 2962 gebbrig;

177 2965 199 3014 3.
227 2965 371 3028 impensius
397 2961 489 3012 modo:
515 2960 574 3012 Hier
599 2960 652 3012 und
703 2959 755 3026 vgl.
774 2963 848 3023 50,3.

142 3032 211 3093 16,1
236 3030 270 3081 ist
291 3029 369 3081 modo
394 3029 432 3080 als
455 3027 652 3080 versurkendes
737 3030 901 3080 inmensum:
919 3046 970 3082 von
988 3030 1057 3083 einer
1071 3029 1219 3112 uberhaupt

140 3097 250 3150 Adverb.
270 3113 301 3149 zu
323 3097 446 3159 nebmen,
472 3111 501 3147 so
525 3095 585 3148 dass
608 3096 652 3147 der
703 3111 808 3162 grossen
832 3097 1007 3166 Ausdehnung
1033 3103 1138 3165 gesagt,
1167 3115 1218 3153 wie

142 3163 203 3216 Sinn
214 3167 248 3218 ist
258 3181 321 3228 „nur
330 3165 396 3216 noch
411 3163 511 3228 cilriger
521 3164 558 3215 als
567 3164 653 3215 lrirher
704 3167 745 3228 92,
760 3168 784 3215 5.

140 3259 175 3279 =
193 3250 244 3285 nun
263 3238 315 3285 erst
331 3231 403 3283 recht
415 3231 512 3297 eitrig.“
541 3231 598 3298 Vgl.
611 3231 653 3284 die
736 3236 907 3298 pertingam:
937 3250 987 3285 von
1014 3232 1073 3285 dem
1098 3233 1217 3289 seltenen

140 3317 172 3352 au
182 3303 236 3354 Gat.
248 3305 314 3365 60‚5
328 3299 478 3365 angelrihrte
491 3297 651 3354 SteMcLucr.
702 3305 867 3366 pertingere,
882 3300 940 3353 dem
950 3301 1028 3355 Sinne
1037 3301 1147 3354 nucb=
1154 3320 1218 3371 por·

140 3367 172 3420 de
189 3369 295 3433 snt,
308 3371 382 3421 1134.
704 3371 805 3430 unam
822 3369 876 3420 hier
894 3371 975 3431 ,nach
990 3370 1049 3437 dem
1057 3369 1149 3424 Musae
1159 3377 1218 3435 au“,

175 3440 199 3488 4.
224 3441 370 3502 promisso.-
393 3435 447 3504 vgl.
465 3435 510 3489 das
528 3452 560 3488 zu
580 3439 619 3497 14,
636 3439 651 3488 2
703 3436 756 3487 also
772 3436 806 3487 im
815 3436 947 3504 Vergleich
963 3439 1009 3490 mit
1024 3437 1069 3490 der
1084 3438 1218 3509 Riobtung

141 3504 203 3556 fiber
219 3511 366 3572 praecepta
383 3505 501 3572 Gesagte.
702 3504 748 3556 des
766 3504 968 3572 Hauptgebirges
992 3513 1149 3560 transvorso
1173 3512 1219 3561 tu-

175 3571 221 3630 48.
237 3573 399 3624 1111111111
410 3570 652 3636 „infremdelldnde
703 3589 775 3634 nere,
793 3577 870 3638 49,1.

142 3640 320 3757 qelrommen.“
347 3641 410 3694 llass
426 3641 516 3694 easich
531 3639 656 3692 oiobtaul
737 3642 815 3693 arido
834 3648 916 3707 atque
934 3643 1080 3693 harenoso:
1097 3643 1159 3697 Abl.
1177 3645 1217 3697 in·

159 3708 183 3760 ie
201 3709 350 3777 Gesinnung
369 3709 476 3773 beziebt,
494 3709 653 3776 11131661,
704 3714 790 3760 stmm.
801 3725 852 3762 von
862 3709 1062 3762 substantivisoh
1071 3712 1219 3777 gebrauch-

141 3789 183 3826 wo
216 3777 270 3831 dies
305 3777 492 3830 ausdrdcldich
515 3776 653 3844 geleugnet
704 3784 745 3829 ten
758 3777 872 3837 Neutris;
891 3778 1138 3845 vglzudatbthl.
1168 3780 1220 3835 Met

142 3843 214 3896 wird.
703 3845 764 3898 Gen.
784 3847 859 3897 humi
875 3847 909 3898 ist
926 3846 1011 3899 davon
1028 3847 1171 3919 abbiogig.
