2602 4358
355 138 396 224 nn
413 170 514 224 eroco
532 171 684 226 runcare.
720 173 747 226 c.
765 173 875 226 21-24.
1089 167 1150 230 119

80 344 118 405 ob
134 343 249 404 easdem
265 344 335 406 artis
350 362 366 404 a
381 344 518 423 Micipsa,
541 362 603 405 non
625 345 750 423 penuria
771 344 949 420 liberorum,
975 343 1006 406 in
1027 362 1154 423 regnum

79 430 249 508 adoptatum
265 448 344 490 esse:
363 437 504 501 ceterum,
520 447 580 508 quo
595 429 681 509 plura
696 429 772 491 bene
788 438 875 508 atque
886 439 1008 491 strenue
1023 430 1153 507 fecisset,
1168 443 1183 494 3

78 533 114 576 eo
130 514 261 575 animum
276 533 362 576 suum
378 514 518 575 iniuriam
533 514 633 576 minus
648 514 787 588 tolerare;
810 514 1004 576 Adherbalem
1020 515 1094 576 dolis
1109 514 1152 576 ri-

78 610 123 661 tae
138 617 208 660 suae
223 599 409 673 insidiatum;
434 598 513 678 quod
529 599 580 659 ubi
601 599 810 678 comperisset,
832 600 936 661 sceleri
959 599 1023 661 eius
1038 599 1151 661 obviam

78 686 153 746 isse:
170 684 314 763 populum
326 684 492 744 Romanurn
507 702 605 763 neque
621 691 701 745 recte
716 703 813 764 neque
828 703 883 764 pro
898 685 978 747 bono
994 685 1151 761 fauturum,
1166 698 1182 747 t

76 771 102 831 si
117 769 153 830 ab
169 770 234 830 iure
250 769 382 847 gentium
397 787 462 830 sese
474 769 676 848 prohibuerit:
693 777 844 848 postremo
860 770 896 831 de
912 769 1049 832 omnibus
1061 770 1151 832 rebus

78 854 317 932 legatosRomam
328 854 408 915 brevi
419 854 589 916 missurum.
612 854 654 916 lta
666 854 785 933 utrique
797 854 1014 932 digrediuntur.
1037 856 1150 916 Adher·
1166 871 1181 919 5

76 938 149 1000 balis
163 938 331 1018 appellandi
345 939 430 1018 copia
446 957 506 1000 non
523 938 588 1000 fuit.

160 1023 301 1103 Iugurtha
322 1024 372 1084 ubi
389 1043 440 1085 eos
456 1024 552 1085 Africa
573 1025 735 1087 decessisse
749 1033 831 1085 ratus
847 1032 891 1085 est
908 1043 1005 1103 neque
1026 1033 1150 1104 propter
1164 1030 1202 1088 28

75 1108 132 1170 loci
153 1117 287 1170 naturam
303 1106 411 1170 Cirtam
434 1109 522 1170 armis
545 1127 714 1190 expugnare
728 1117 843 1189 potest,
865 1109 940 1170 vallo
962 1118 1051 1188 atque
1071 1109 1150 1171 fossa

74 1195 190 1255 moenia
207 1195 386 1269 circumdat,
402 1194 492 1256 turris
508 1195 631 1256 exstruit
646 1213 754 1273 easque
769 1193 922 1274 praesidiis
937 1195 1048 1269 firmat,
1064 1211 1150 1273 prae·

74 1291 153 1341 terea
169 1279 231 1340 dies
245 1280 402 1358 noctisque
413 1289 463 1342 aut
477 1299 531 1360 per
546 1280 603 1341 vim
618 1291 669 1342 aut
684 1279 758 1341 dolis
773 1288 927 1359 temptare,
943 1279 1150 1341 defensoribus

73 1365 224 1426 moenium
239 1365 368 1444 praemia
388 1365 476 1426 modo
492 1366 580 1426 modo
595 1365 784 1426 formidinem
799 1373 963 1439 ostentare,
986 1383 1057 1426 suos
1078 1365 1149 1426 hor·

71 1450 161 1510 tando
177 1450 217 1511 ad·
228 1450 363 1511 virtutem
379 1451 524 1529 arrigere;
541 1468 665 1530 prorsus
676 1450 809 1511 intentus
824 1457 931 1510 cuncta
946 1467 1059 1528 parare.
1090 1451 1179 1511 ild-2

72 1534 175 1594 herbal
187 1535 238 1595 ubi
250 1535 395 1613 intellegit
405 1534 502 1596 omnis
512 1553 580 1596 suas
597 1535 732 1597 fortunas
747 1534 778 1594 in
794 1542 923 1594 extremo
939 1533 1018 1610 sitas,
1034 1533 1149 1596 hostem

72 1618 222 1692 infestum,
237 1619 325 1680 auxili
341 1638 423 1700 spem
439 1620 561 1696 nullam,
583 1620 708 1700 penuria
722 1635 823 1680 rerum
838 1617 1070 1680 necessariarum
1085 1619 1149 1690 bel·

72 1702 134 1764 lum
149 1703 225 1765 trahi
241 1723 302 1765 non
319 1724 422 1785 posse,
445 1705 554 1779 exeis,
577 1704 628 1784 qui
643 1723 702 1766 una
718 1703 825 1765 Cirtam
841 1703 1052 1782 profugerant,
1073 1703 1149 1766 duos

71 1807 206 1850 maxume
232 1789 366 1869 inpigros
387 1789 511 1869 delegit;
538 1808 588 1851 eos
613 1789 704 1851 multa
725 1788 893 1869 pollicendo
920 1807 953 1849 ac
977 1789 1148 1851 miserando

70 1891 170 1934 casum
183 1893 269 1947 suum
282 1876 445 1950 confirmat,
461 1875 504 1936 uti
515 1892 571 1955 per
581 1875 711 1936 hostium
722 1873 902 1936 munitiones
919 1882 1009 1935 noctu
1025 1875 1061 1935 ad
1075 1893 1146 1956 pro-

69 1976 191 2020 xumum
206 1977 302 2034 mare,
324 1959 391 2022 dein
407 1959 530 2021 Romam
551 1969 721 2040 pergerent.
759 1958 902 2020 Numidae
917 1959 1020 2038 paucis
1038 1958 1143 2022 diebus
1160 1964 1198 2022 nt

70 2044 149 2106 iussa
165 2043 312 2120 efficiunt3
335 2045 447 2107 litterae
466 2045 640 2107 Adherbalis
662 2045 693 2106 in
716 2052 820 2106 senatu
842 2044 995 2120 recitatae,
1019 2063 1143 2124 quarum

69 2129 216 2191 sententia
231 2130 303 2191 haec
318 2130 387 2191 fuit:

154 2214 240 2290 „Non
252 2215 413 2296 meaculpa
424 2234 511 2296 saepe
523 2214 621 2276 advos
632 2222 746 2275 oratum
756 2213 851 2288 mitto,
862 2221 961 2294 patres
973 2213 1144 2293 conscripti,
1159 2227 1175 2278 2

68 2299 119 2359 sed
141 2301 184 2360 vis
200 2299 360 2378 Iugurthae
381 2300 506 2381 subigit,
530 2318 617 2380 quem
640 2307 721 2360 tanta
742 2299 844 2360 lubido
867 2299 1073 2378 exstinguendi
1096 2317 1143 2360 me

67 2382 187 2458 invasit,
211 2395 244 2445 ut
270 2402 367 2463 neque
387 2404 438 2446 vos
460 2404 559 2464 neque
574 2385 644 2446 deos
662 2384 827 2446 inmortalis
851 2385 882 2444 in
904 2383 1002 2446 animo
1028 2383 1142 2460 babeat,

66 2467 241 2547 sanguinem
256 2486 355 2529 meum
371 2488 458 2548 quam
474 2469 572 2530 omnia
587 2469 678 2530 malit.
713 2468 816 2548 ltaque
829 2470 968 2548 ¹quintum
983 2469 1040 2530 iarn
1058 2487 1142 2530 men·
1157 2483 1172 2534 3

65 2571 129 2613 sem
144 2553 244 2615 socius
259 2561 288 2613 et
302 2553 413 2615 amicus
429 2555 532 2635 populi
548 2553 673 2616 Romani
689 2555 779 2615 armis
794 2554 934 2615 obsessus
948 2561 1063 2628 teneor,
1088 2572 1141 2614 ne·

65 2751 109 2787 ren
128 2734 339 2788 Sinneamafa'c
358 2738 476 2788 crudam
494 2737 582 2798 denen
663 2736 773 2799 foamfd.
798 2741 945 2786 ostentare:
971 2735 1075 2802 eigentl.
1098 2751 1141 2799 ,er

65 2805 212 2871 gegentiber
226 2805 288 2856 wird
308 2804 389 2869 daun,
414 2820 468 2859 was
486 2805 578 2859 vorher
628 2805 689 2858 liees
700 2803 798 2857 Greuen
812 2819 859 2855 vor
875 2803 929 2856 ihre
938 2804 1030 2870 Augen
1039 2807 1140 2858 treten“
1239 2870 1241 2876 k

65 2875 151 2922 virtus
172 2871 254 2938 hiess,
277 2873 357 2926 durch
381 2874 484 2925 caedem
509 2877 577 2926 artis
628 2873 653 2925 d.
670 2873 687 2925 i.
708 2887 752 2935 ,er
774 2871 860 2924 stellte
883 2871 959 2923 ibnen
985 2871 1062 2925 durch
1086 2873 1140 2924 An-

64 2939 243 3007 ausgednicltt.
628 2941 709 3008 griffo,
727 2940 768 2993 die
785 2954 813 2993 er
830 2940 939 3006 machte,
957 2939 998 2993 die
1015 2938 1140 2993 Schreck·

98 3012 123 3060 4.
141 3011 333 3074 praecoma
346 3013 395 3074 ita,
408 3017 496 3076 utpro
508 3011 575 3062 bono
628 3010 711 3073 nisse,
739 3007 838 3061 welche
860 3008 925 3060 nach
951 3009 1139 3075 vergeblicbem

64 3077 204 3140 habeatur,
228 3078 252 3128 d.
270 3078 287 3129 i.
312 3077 388 3140 „dass
412 3093 471 3130 man
498 3077 576 3132 daran
627 3076 792 3130 Widerstand
810 3076 872 3128 iiber
887 3076 924 3128 sie
936 3074 1055 3128 hominen
1073 3081 1139 3129 wirr-

63 3149 145 3196 etwas
161 3143 239 3196 Getes
257 3145 310 3211 het,
328 3146 387 3200 dass
406 3163 433 3200 es
451 3151 499 3214 gut
515 3147 575 3212 ist“,
627 3145 685 3210 den,
703 3145 729 3196 in
747 3143 897 3205 Aussicht“;
923 3144 976 3211 vgl.
996 3147 1037 3210 66,
1052 3147 1067 3198 2
1086 3145 1140 3198 und

63 3210 143 3262 daher
152 3211 293 3279 uberhaupt
302 3213 404 3267 adverb.
416 3219 502 3282 ,gut“;
518 3230 575 3266 ver·
626 3213 668 3266 die
690 3228 794 3266 unserer
817 3211 895 3265 Stelle
919 3211 1053 3264 'dholichen
1078 3213 1139 3266 aber

64 3277 185 3331 schieden
194 3294 246 3330 von
257 3286 335 3346 reete,
351 3283 439 3334 womit
454 3282 495 3334 die
509 3281 575 3334 rich·
626 3280 717 3340 andere
730 3280 898 3348 gewendeten
915 3283 956 3346 66,
968 3283 979 3331 1
992 3296 1017 3344 u,
1027 3283 1067 3343 89,
1082 3285 1102 3333 t.

61 3347 116 3413 tige
139 3345 246 3400 Ansicht
267 3363 317 3399 von
341 3347 386 3401 der
409 3349 505 3414 Sache,
529 3349 575 3403 der
660 3352 684 3402 2.
712 3349 873 3411 confimat:
897 3347 1018 3410 „brachte
1044 3349 1081 3401 sie
1104 3364 1136 3401 au

61 3415 170 3483 riehtige
196 3413 283 3467 Grund
314 3415 383 3468 einer
413 3417 574 3486 flandlungs·
625 3416 683 3470 dern
701 3417 834 3485 mutbigen
852 3415 1027 3468 Entschluss.“

60 3483 141 3536 weise
158 3482 307 3536 bezeichnet
322 3484 362 3536 ist
658 3501 822 3552 pronomem
839 3500 928 3536 mare.-
951 3499 983 3535 zu
1000 3483 1135 3536 verstehen

95 3555 120 3605 5.
140 3555 218 3618 copia
236 3567 290 3602 non
308 3551 380 3612 suit:
408 3551 451 3604 Sie
469 3553 573 3606 wurdeu
625 3553 805 3608 wieaummuc
817 3567 901 3614 mona,
920 3550 944 3605 d.
953 3551 970 3602 i.
989 3549 1144 3619 ,derilerg¹

61 3634 114 3670 von
130 3617 190 3688 lug.
209 3619 363 3673 verhindert.
625 3636 667 3673 wo
686 3637 713 3674 er
732 3637 772 3674 am
790 3620 914 3673 hbcbsten
932 3619 991 3682 ist“,
1009 3617 1061 3671 und
1074 3619 1136 3672 ihu·
1204 3645 1209 3653 ·

95 3684 141 3742 28.
161 3691 184 3740 1.
203 3692 301 3739 camb:
317 3687 396 3740 durch
406 3687 492 3740 blosse
501 3688 584 3759 Wafg
624 3687 691 3740 liehe
708 3689 836 3742 bekannte
854 3685 1012 3740 husdricke.

60 3753 206 3821 fengewalt,
225 3755 292 3808 ohne
307 3755 383 3808 holte
406 3771 456 3808 von
475 3757 573 3823 eigent·
658 3753 705 3810 24.
724 3759 748 3809 2.
766 3758 880 3820 subigit:
898 3757 952 3808 Cat.
976 3757 1014 3821 to,
1028 3758 1052 3808 5.

62 3821 146 3874 lichen
164 3823 475 3892 belagerungsanstalten.
659 3826 683 3878 3.
701 3827 789 3876 cociaco
807 3827 855 3876 eto
873 3839 906 3877 zu
925 3827 965 3890 14,
983 3825 1007 3877 2.
