2602 4358
261 721 312 784 EX
335 719 365 784 C.
388 721 572 785 srtnusrr
596 720 717 784 CRlSPl
740 720 1003 786 HISTORiARUM

446 831 451 837 ’
515 854 611 908 erano
630 855 748 910 rnnrro

139 974 308 1060 ORATIO
338 972 372 1062 0.
397 972 542 1058 LIOINI
567 973 716 1060 MAOEI
742 976 936 1062 ruluuul
961 977 1124 1066 PLEBIS

520 1131 569 1193 ΑΙ)
593 1131 745 1194 PLEBEM

356 1263 429 1329 (Hist.
448 1263 537 1331 fragm.
556 1268 580 1330 3,
599 1265 762 1331 8211111111.
781 1267 805 1329 3,
823 1268 853 1318 61
874 1263 913 1329 D.)

181 1402 230 1477 Si,
247 1402 394 1477 Quirites,
410 1421 515 1483 parum
531 1403 762 1478 existumaretis,
778 1404 849 1483 quid
864 1403 942 1464 inter
957 1405 1035 1468 ius'a
1050 1409 1170 1470 maiori-

94 1487 151 1550 bus
166 1487 302 1550 relictum
318 1487 400 1549 vobis
416 1496 444 1550 et
459 1488 517 1550 hoc
539 1506 555 1550 a
571 1487 651 1550 Sulla
674 1495 806 1568 paratum
829 1487 980 1551 servitium
1002 1491 1169 1572 interesset,

94 1572 196 1636 multis
210 1573 282 1636 mihi
297 1573 505 1636 disserundum
520 1574 591 1648 suit,
614 1573 814 1653 docendique,
839 1592 911 1653 quas
934 1575 971 1636 ob
995 1575 1119 1640 iniurias
1141 1587 1171 1641 et

96 1660 234 1740 quotiens
247 1677 262 1720 a
277 1657 412 1739 patribus
428 1668 537 1721 armata
552 1657 655 1739 plebes
670 1658 841 1722 secessisset
856 1659 959 1739 utique
970 1661 1101 1724 vindices
1116 1681 1168 1743 pa·

95 1744 218 1807 rarisset
233 1745 329 1806 omnis
344 1744 418 1806 iuris
433 1745 480 1806 sui
495 1744 633 1807 tribunos
648 1742 752 1824 plebi's.
789 1744 877 1806 Nunc
890 1745 1003 1808 hortari
1018 1748 1105 1810 modo
1121 1767 1168 1811 re·
1183 1761 1199 1813 2

94 1830 208 1910 liquum
226 1837 270 1891 est
285 1839 314 1891 et
328 1831 371 1892 ire
386 1830 515 1910 primum
531 1831 585 1906 via,
606 1849 663 1909 qua
678 1830 892 1910 capessundam
908 1831 1035 1893 arbitror
1049 1833 1168 1896 liberta·

94 1924 163 1978 tem.
200 1913 304 1994 Neque
318 1933 365 1976 me
381 1917 537 1995 praeterit,
558 1925 684 1996 quantas
699 1934 771 1996 opes
786 1915 946 1977 nobilitatis
962 1917 1059 1993 solus,
1081 1920 1199 1998 ispo-a

94 2010 178 2078 tens,
205 2000 287 2062 inani
313 2001 412 2081 specie
437 2002 642 2082 magistratus,
665 2001 776 2081 pellere
797 2000 998 2064 dominatione
1019 2003 1169 2084 incipiam,

96 2093 267 2167 quantoque
281 2088 375 2150 tutius
390 2087 477 2150 factio
494 2087 649 2150 noxiorum
666 2096 732 2166 agat
743 2104 830 2166 quam
843 2086 897 2148 soli
909 2088 1100 2150 innocentes:
1117 2090 1170 2152 sed
1184 2101 1200 2158 4

96 2180 213 2252 praeter
228 2191 311 2252 spem
326 2173 434 2236 honam
451 2193 485 2236 ex
500 2174 592 2251 rabie,
609 2192 683 2255 quae
699 2181 809 2235 metum
825 2172 903 2250 vicit,
927 2174 1013 2257 statui
1031 2175 1166 2236 certami-

96 2259 143 2319 nis
158 2257 279 2318 advorsa
294 2276 348 2336 pro
364 2259 498 2320 libertate
512 2260 629 2339 potiora
641 2277 705 2320 esse
717 2259 786 2320 forti
798 2259 860 2319 viro
873 2277 959 2338 quam
971 2259 1092 2321 omnino
1105 2280 1166 2323 non

96 2341 261 2404 certavisse.
286 2341 468 2422 Quamquam
485 2362 588 2404 omnes
602 2343 650 2404 alii
666 2344 756 2404 creati
768 2361 823 2422 pro
836 2345 901 2405 iure
912 2353 1011 2406 vostro
1023 2347 1081 2406 rim
1093 2364 1167 2407 cun·
1183 2356 1198 2407 o

96 2436 173 2490 ctam
189 2434 218 2488 et
232 2423 355 2506 imperia
370 2445 422 2489 sua
438 2428 529 2504 gratia
541 2435 591 2488 aut
609 2447 662 2508 spe
673 2437 724 2490 aut
733 2428 871 2506 praemiis
890 2428 919 2489 in
932 2447 984 2488 ros
996 2437 1169 2491 convortere

95 2512 263 2592 meliusque
277 2509 387 2573 hahent
401 2511 537 2574 mercede
551 2511 725 2592 delinquere
741 2529 828 2590 quam
848 2512 938 2592 gratis
959 2522 1040 2574 recte
1063 2514 1168 2576 facere.

97 2597 199 2678 ltaque
215 2614 319 2658 omnes
334 2615 509 2659 concessere
531 2596 586 2658 iam
608 2597 639 2658 in
662 2614 825 2678 paucorum
847 2597 1094 2674 dominationem,
1117 2599 1199 2680 quio

136 2751 157 2800 l.
184 2747 275 2798 ducor.
293 2746 361 2808 suit:
387 2746 437 2800 Des
455 2746 608 2812 Perfectum,
693 2750 718 2800 4.
734 2753 844 2814 praeter
860 2763 932 2814 mern
951 2751 1037 2800 etc=
1048 2755 1171 2815 proeter-

97 2815 157 2868 weil
175 2814 219 2867 der
237 2815 299 2868 Sinn
322 2816 356 2868 ist
380 2815 436 2877 ,ich
462 2814 533 2868 hitte
550 2830 608 2867 vor·
660 2830 740 2881 quam
762 2816 836 2882 quod
857 2832 916 2882 opos
942 2819 1011 2868 bona
1036 2833 1071 2868 erc
1097 2821 1171 2872 uobis

96 2883 150 2951 her,
175 2883 223 2936 ehe
246 2883 288 2936 ich
312 2900 358 2936 zur
374 2883 538 2951 Ermahnung
555 2883 607 2936 uod
658 2889 757 2935 metum
768 2887 847 2949 nimi,-
859 2885 975 2952 spicat.
986 2888 1172 2954 stipa-aem

96 2967 142 3005 zur
163 2952 231 3005 That
252 2954 283 3018 (s.
295 2952 318 3072 ἕ
343 2954 369 3018 2)
393 2952 464 3005 nette
488 2952 607 3005 kommeo
660 2953 773 3006 litterae.
1128 3010 1132 3015 ,

96 3020 208 3086 konnen,
225 3025 277 3073 erst
312 3021 349 3074 ies
368 3021 431 3074 alles
448 3021 609 3089 sagenmirs-
695 3024 850 3072 certaminis
873 3021 1006 3073 advorso:
1032 3021 1094 3074 Zum
1121 3024 1171 3077 Ge·

97 3093 168 3142 senf‘
658 3088 759 3142 danken
782 3089 834 3157 vgl.
851 3087 894 3141 Or.
912 3090 972 3157 Lep.
991 3091 1032 3143 26.

132 3156 311 3222 docendique:
330 3156 414 3223 suppl.
431 3155 530 3218 ficiem.
694 3161 717 3210 5.
736 3173 898 3224 quamquam
916 3161 964 3210 etc.
1002 3157 1048 3209 Der
1065 3157 1169 3211 Zusam-

132 3227 156 3278 2.
175 3240 261 3276 nunc.
280 3223 332 3290 vgl.
350 3240 382 3276 zu
399 3224 453 3292 lug.
475 3227 513 3287 14,
524 3226 564 3278 24.
658 3225 787 3293 menhong
803 3226 850 3277 mit
867 3224 925 3278 dem
938 3225 1168 3292 Vorhergehendeo

130 3295 263 3360 primum:
281 3291 352 3344 nicht
368 3291 531 3357 Aduerbinm,
549 3309 609 3346 son-
657 3293 693 3346 ist
710 3293 817 3356 „andeis
835 3292 933 3345 sreilioh
951 3293 989 3344 als
1009 3292 1051 3344 ich
1069 3293 1169 3347 denken

97 3360 158 3414 dem
182 3361 228 3412 mit
253 3359 336 3412 einem
354 3360 388 3412 im
406 3360 544 3413 Gedanken
561 3361 607 3414 lie·
658 3360 699 3413 die
707 3361 783 3414 Uebri
804 3376 835 3414 eu
852 3360 910 3424 alle,
922 3360 963 3413 die
976 3359 1104 3412 'l'ribuoen
1117 3362 1170 3414 und

97 3428 197 3496 geoden
214 3443 256 3479 me
273 3443 305 3480 zu
323 3428 470 3481 verbinden.
659 3428 768 3482 anderen
786 3377 946 3495 diametrum
965 3428 1003 3482 sie
1020 3428 1102 3480 haben
1117 3429 1171 3482 die-

132 3501 155 3551 3.
178 3499 369 3563 magistratus:
398 3496 555 3550 Nominatir.
574 3525 605 3536 -
659 3496 730 3550 selbo
740 3496 834 3549 Ptlicht
847 3511 907 3548 euer
918 3496 1000 3550 Reeht
1018 3511 1049 3548 zu
1066 3495 1170 3550 wahren

97 3564 196 3633 Wegen
222 3568 303 3617 inani
323 3567 410 3631 speeie
433 3564 484 3632 νεὶ.
509 3564 550 3618 die
576 3581 608 3617 au
660 3567 755 3631 (creati
769 3580 821 3632 pro
839 3567 899 3615 iure
916 3566 1025 3630 vostro),
1050 3565 1111 3617 uber
1133 3567 1171 3619 sie

99 3633 152 3685 Get.
170 3636 213 3700 ³7,
226 3637 252 3686 11
273 3633 358 3755 augei.
375 3632 455 3686 Steile
478 3631 524 3686 des
542 3633 608 3686 Veli.
659 3632 724 3685 thuri
748 3632 793 3685 das
815 3632 990 3700 Gegentheil.“
1008 3661 1042 3670 —
1059 3648 1109 3684 suo
1127 3649 1171 3700 ge·

132 3699 232 3761 soatio:
250 3701 284 3755 im
322 3706 458 3769 egensatre
474 3701 539 3766 sola}
556 3701 609 3770 vgl.
659 3700 757 3753 hdrtru
775 3704 829 3752 vim
841 3704 1170 3768 cunctamuzuimparia.

98 3783 130 3822 zu
148 3768 201 3837 lug.
219 3773 300 3836 41,6;
320 3773 411 3837 85,10.
695 3773 719 3823 6.
730 3785 881 3821 concessere
890 3774 939 3822 etc.
963 3769 1021 3837 Vgl.
1032 3769 1085 3822 Cat.
1096 3773 1138 3832 20,
1147 3777 1169 3825 1.
