2602 4358
401 184 443 236 DE
462 183 562 237 BELLO
581 182 733 237 lucuurfl.
770 185 797 241 G.
817 189 856 239 14.

1108 182 1169 246 107

80 356 282 439 Masinissae,
298 357 407 418 frustra
422 374 438 417 a
453 357 536 419 vobis
551 354 693 418 auxilium
707 363 818 436 petere.
855 357 887 419 Si
903 357 938 418 ad
952 357 1171 437 impetrandum
1185 370 1199 420 7

96 442 170 504 nibil
186 460 290 504 causae
306 442 443 503 haberem
458 450 575 522 praeter
589 441 785 503 miserandam
800 442 960 515 fortunam,
975 443 1064 521 quod,
1081 443 1170 523 paulo

96 536 163 589 ante
178 546 230 589 rex
245 546 353 607 genere
368 528 443 589 lama
457 537 546 608 atquc
561 526 655 606 copiis
670 534 792 606 potens,
808 546 905 604 nunc,
927 527 1105 590 deformatus
1121 547 1165 591 ac·

96 613 227 687 cumnis,
254 614 341 693 inops
356 612 466 673 alienas
482 631 555 693 opes
573 621 729 691 exspecto,
750 620 846 673 tamen
864 619 926 674 erat
939 612 1099 674 maiestatis
1114 633 1169 693 po·

96 698 159 778 puli
173 698 299 758 Romani
321 696 480 777 prohibere
501 697 639 759 iniuriam
661 715 759 776 neque
773 697 834 777 pati
849 699 1025 777 cuiusquam
1042 715 1169 776 regnum

95 801 150 862 per
169 782 269 844 scelus
291 800 436 843 crescere.
464 782 572 843 Verum
595 800 649 860 ego
676 783 718 843 eis
739 781 849 845 tinibus
864 783 974 844 eiectus
989 801 1072 858 sum,
1093 793 1199 862 quos8

96 867 258 929 maioribus
268 869 342 928 meis
354 867 484 948 populus
494 866 645 929 Romanus
661 867 750 941 dedit,
765 867 845 928 unde
858 877 943 947 pater
957 875 987 928 et
1000 886 1070 929 avus
1085 887 1169 930 meus

96 972 155 1014 una
181 952 332 1014 vobiscum
360 953 498 1032 expulere
521 953 684 1034 Syphacem
711 961 740 1013 et
766 952 1025 1031 Carthaginiensis.
1066 952 1169 1014 Vostra

95 1038 238 1099 beneficia
253 1038 325 1099 mihi
341 1046 440 1118 erepta
454 1045 541 1113 sunt,
557 1045 655 1118 patres
669 1038 847 1116 conscripti,
869 1056 920 1099 vos
936 1037 967 1098 in
982 1056 1046 1098 mea
1061 1037 1169 1099 iniuria

95 1122 228 1202 despecti
242 1124 322 1186 estis.
352 1123 437 1184 Eheu
451 1142 499 1184 me
510 1123 666 1186 misercml
690 1122 816 1199 Hucine,
831 1123 954 1202 Micipsa
969 1131 1062 1201 pater,
1078 1123 1169 1185 bene·
1184 1138 1200 1189 9

95 1209 162 1269 ticia
177 1215 227 1269 tua
243 1227 375 1284 evasere,
398 1217 448 1284 ut,
471 1227 559 1288 quem
574 1216 607 1270 tu
622 1226 722 1288 parem
738 1227 805 1269 cum
822 1208 922 1269 liberis
944 1208 1002 1269 tuis
1025 1208 1170 1287 regnique

95 1293 269 1373 participem
278 1293 383 1368 iecisti,
396 1294 421 1354 is
429 1293 626 1373 potissumum
638 1293 741 1373 stirpis
750 1301 818 1354 tuae
830 1293 991 1354 exstinctor
1001 1291 1062 1355 sit‘l
1077 1293 1170 1354 Num-

97 1396 224 1457 quamne
240 1396 310 1456 ergo
325 1378 435 1439 familia
454 1387 554 1440 nostra
570 1378 668 1458 quieta
690 1375 767 1438 erit?
793 1396 949 1458 semperne
971 1377 1002 1439 in
1024 1379 1169 1456 sanguine

95 1463 175 1523 ferro
197 1463 265 1541 fuga
286 1460 473 1525 vorsabiturl
514 1463 590 1525 Dum
613 1462 870 1541 Carthaginienses
891 1462 1056 1524 incolumes
1076 1464 1170 1540 luere,
1187 1478 1216 1527 to

96 1549 162 1609 iure
178 1548 276 1608 omnia
291 1566 374 1608 saeva
390 1547 588 1628 patiebamur:
604 1548 705 1608 hostes
719 1546 755 1608 ab
771 1546 871 1622 latere,
886 1565 938 1608 vos
952 1547 1039 1608 amici
1053 1548 1168 1626 procul,

96 1651 166 1711 spes
181 1632 278 1693 omnis
292 1632 324 1693 in
340 1633 429 1694 armis
445 1641 515 1694 erat
552 1633 711 1712 Postquam
733 1632 781 1693 illa
797 1632 889 1711 pestis
908 1650 943 1692 ex
958 1632 1055 1693 Africa
1078 1633 1169 1694 eiecta

98 1726 157 1794 est,
174 1717 240 1778 laeti
256 1736 358 1796 pacem
373 1717 570 1796 agitabamus,
586 1717 698 1797 quippe
713 1717 779 1796 quis
794 1717 887 1777 hostis
903 1717 1004 1777 nullus
1019 1723 1096 1789 erat,
1112 1717 1170 1777 nisi

95 1804 173 1863 l'crte
195 1821 283 1881 quem
304 1821 355 1864 vos
377 1802 547 1864 iussissetis.
587 1803 666 1863 Ecce
685 1810 782 1862 autem
798 1820 834 1862 ex
852 1802 1003 1880 inproviso
1019 1801 1169 1880 iugurtha,
1186 1817 1213 1866 tt

96 1887 280 1950 intoleranda
296 1888 415 1949 audacia
430 1888 542 1949 scelere
556 1897 644 1967 atque
665 1886 803 1967 superbia
824 1905 889 1947 sese
911 1887 1061 1961 colerans,
1080 1887 1171 1949 tratre

96 1991 163 2033 meo
175 1980 263 2052 atque
274 1973 376 2034 eodem
391 1973 561 2053 propinquo
577 1992 632 2034 suo
648 1972 804 2033 interiecto
819 1971 948 2052 primum
964 1989 1091 2050 regnum
1106 1971 1171 2033 eius

132 2093 157 2140 1.
175 2091 200 2137 si
213 2089 363 2154 adimpetr.
373 2094 421 2141 etc.
448 2089 607 2156 Erinnerung

97 2171 129 2207 an
153 2155 202 2207 den
229 2156 313 2209 hohen
336 2157 415 2209 Bemf
437 2156 481 2208 der
506 2157 608 2221 Rdmer,

98 2224 193 2275 uberali
212 2223 258 2276 das
278 2225 358 2277 Recht
375 2225 420 2278 des
439 2224 607 2277 Besitzenden

95 2307 128 2343 zu
153 2291 273 2344 schiitzen
298 2293 349 2344 und
367 2294 554 2346 Gewalttlraten
576 2309 607 2344 zu

97 2359 236 2426 verhdten3
266 2376 308 2411 um
331 2377 360 2412 so
378 2361 430 2412 viel
452 2361 523 2414 mchr
540 2361 607 2413 dann

98 2429 124 2491 (ᾗ
143 2428 168 2489 8)
187 2427 212 2476 in
231 2426 288 2478 dem
307 2443 357 2478 von
376 2429 452 2480 ihnen
465 2430 544 2481 selbst
563 2444 607 2495 ge-

97 2493 243 2547 schallenen
259 2495 428 2560 Besitzstand,
446 2512 487 2548 wo
500 2496 545 2548 das
557 2496 608 2548 Un-

98 2562 169 2614 recht
187 2563 224 2614 sie
242 2562 323 2614 selbst
340 2563 409 2614 trlflt.

133 2636 206 2682 arat:
233 2630 317 2682 Ueber
339 2630 384 2683 das
406 2630 507 2698 lmperl.
530 2631 609 2683 lndic.

93 2714 129 2751 zu
148 2702 188 2762 85,
207 2702 247 2753 48.

133 2770 156 2818 8.
174 2783 232 2816 maa
251 2770 369 2818 intuma:
387 2783 419 2818 zu
432 2767 486 2818 Cat.
499 2769 539 2826 51,
552 2768 591 2818 11.

131 2837 156 2887 9.
176 2836 271 2886 bucias
282 2851 434 2887 ..evaseras
451 2861 485 2882 ιι
503 2836 609 2885 bunone

100 2905 202 2953 accitum
221 2905 342 2955 habuere.

131 2986 224 3036 param
250 2987 311 3022 cum
338 2972 444 3022 liberis:
478 2969 608 3023 Seltenere

98 3038 275 3090 Construction
301 3042 364 3092 statt
385 3055 480 3106 parem
509 3039 607 3099 liberis,

99 3106 197 3157 welche
214 3108 297 3159 neben
319 3108 365 3160 der
382 3107 524 3160 Gleicbbeit
542 3105 608 3157 auch

101 3173 607 3227 dieGemeinsamkeitdchtandes·

100 3240 213 3306 vorrhge
231 3241 364 3302 audentet;
383 3243 435 3310 vgl.
455 3247 479 3307 9,
489 3246 512 3295 3.

136 3311 175 3360 ro.
194 3312 266 3358 iure:
286 3309 347 3373 bier,
362 3311 412 3362 wie
428 3316 500 3362 sonst
515 3309 609 3361 cuwel-

99 3377 141 3428 leu
158 3375 199 3437 ,in
209 3376 610 3444 natiirlichertrichtiger)Folqe,

93 3460 128 3495 so
152 3444 211 3496 dass
238 3458 296 3496 man
325 3445 379 3496 sich
405 3446 513 3498 darbber
538 3445 610 3496 nicht

98 3511 432 3578 beklagen'oderwundern
448 3512 547 3572 kann“;
566 3511 607 3565 Or.

99 3579 165 3632 Phil.
183 3583 213 3642 43
232 3580 283 3632 Gic.
302 3580 377 3633 Tusc.
396 3584 420 3644 3,
441 3583 480 3645 15,
499 3583 529 3632 31
551 3583 609 3630 iure

100 3654 188 3698 autam
211 3651 250 3711 (in
274 3648 395 3714 Socrate)
426 3654 484 3698 erat
507 3663 610 3714 semper·

99 3715 169 3767 idam
187 3717 287 3783 uoltus,
311 3733 370 3768 cum
388 3719 497 3778 mantis,
523 3732 539 3766 a
557 3731 610 3780 qua

100 3787 123 3833 io
132 3783 255 3848 fingitur,
273 3785 349 3836 realta
358 3786 435 3848 fieret
445 3787 567 3836 mutatio.
578 3811 611 3821 -

94 3849 162 3904 ‚Deru
171 3851 329 3920 Gegensatze
347 3855 412 3906 lasti
418 3867 512 3920 pacem
524 3854 611 3917 agita-

659 2091 751 2139 bamus
775 2087 959 2155 entsprechend
978 2088 1045 2138 wire
1071 2103 1104 2138 zu
1132 2103 1170 2139 er·
1247 2112 1253 2124 ·

659 2161 756 2207 warten
774 2159 834 2206 dure
853 2156 924 2219 delli,
943 2155 991 2206 wie
1010 2159 1052 2220 91,
1070 2159 1094 2208 1.
1114 2157 1171 2219 102,

662 2227 692 2277 13
710 2224 848 2290 (llussner).

694 2296 769 2358 quis:
786 2292 839 2359 vgl.
859 2306 890 2342 zu
911 2293 950 2354 13,
969 2293 993 2343 6.

693 2377 784 2426 quam:
801 2385 835 2406 ==
852 2363 884 2423 ia,
903 2363 987 2424 quam,
1023 2357 1068 2409 Dic
1081 2358 1170 2424 subrige

658 2426 866 2495 Erqdnzungdes
875 2425 964 2479 Satzes
979 2427 1013 2477 ist
1026 2425 1082 2477 dem
1092 2424 1170 2478 Sinue

660 2496 724 2549 nacb
743 2511 837 2561 „quam
854 2511 905 2560 pro
918 2497 992 2544 hoste
1009 2509 1058 2543 nos
1074 2495 1170 2544 babere

657 2579 705 2613 cca
714 2565 883 2614 imsiscatis“.
910 2560 959 2612 Der
969 2562 1041 2625 Gonj.
1050 2561 1085 2611 ist
1100 2560 1170 2612 nicht

659 2631 852 2697 sprachwidrig,
877 2629 936 2680 weil
957 2632 1012 2678 ntra·
1027 2628 1099 2690 forta
1117 2628 1171 2680 hier

660 2698 730 2749 nicht
747 2697 788 2749 die
806 2701 964 2763 sogenannte
982 2696 1107 2748 ironisclre
1123 2696 1171 2748 Be·

660 2769 775 2832 deutung
795 2766 840 2817 bat
856 2764 916 2829 (wie
926 2769 980 2816 unt.
990 2764 1093 2816 anderm
1104 2767 1127 2829 3,
1135 2768 1171 2830 4),

659 2834 768 2886 sondern
792 2849 839 2884 nur
863 2831 940 2884 durch
965 2847 1069 2893 „ausser
1086 2838 1184 2884 etwa“·

659 2903 790 2954 ubersetzt
808 2899 910 2952 werden
928 2900 1005 2965 kann,
1022 2900 1075 2952 und
1093 2915 1120 2952 er
1137 2900 1171 2953 ist

659 2970 807 3037 gebraucht,
824 2969 883 3020 weil
898 2968 977 3020 durch
993 2968 1039 3020 das
1060 2984 1092 3020 zu
1110 2984 1171 3035 sup-

659 3038 717 3104 plir.
725 3039 810 3099 ia„ein
817 3037 933 3089 solcher“
941 3037 1089 3088 bezeichnet
1100 3036 1171 3088 wird.

660 3105 895 3170 VielleicbtJ'edoch
912 3105 956 3156 hat
965 3105 1035 3169 Sall,
1050 3105 1096 3156 mit
1111 3120 1170 3157 vor-

662 3173 852 3240 ausgreilender
877 3172 1025 3239 Beziehung
1056 3173 1102 3224 aul
1124 3172 1170 3224 das

660 3242 780 3360 folpeode
798 3243 995 3307 exinproviso,
1019 3241 1099 3292 sebon
1117 3240 1172 3292 hier
1276 3259 1278 3263 ·

661 3325 692 3362 an
712 3316 788 3362 euten
812 3309 906 3361 wollen
930 3308 994 3368 „wir
1018 3312 1171 3360 erwarteten

657 3375 1172 3441 ronlreinerSeiteeiueStbrungunseres

660 3445 796 3508 Friedens,
820 3459 907 3496 ausser
929 3448 1013 3506 etwa,
1036 3457 1112 3494 wenn
1133 3442 1172 3494 ihr

660 3529 708 3565 uns
735 3513 836 3565 beissen
858 3511 910 3578 (od.
925 3510 1058 3577 gebeissen
1078 3509 1171 3574 baben)

661 3580 762 3633 wirrdet
786 3579 864 3645 llrieg
890 3594 922 3630 zu
948 3578 1070 3638 libren“;
1105 3577 1171 3628 daun

660 3648 757 3700 konnte
775 3662 832 3699 man
855 3661 932 3712 quam
950 3645 1015 3697 auch
1037 3645 1075 3696 als
1093 3644 1168 3698 Pron.

662 3715 732 3768 infin.
751 3714 965 3766 nudassen-ln
984 3711 1172 3765 beidenuauen

661 3784 726 3849 liegt
743 3783 788 3834 der
804 3781 956 3834 Nachdruclr
973 3781 1018 3832 aul
1033 3797 1087 3834 vos.

700 3855 739 3904 11.
756 3865 870 3915 regnum
881 3853 937 3901 eim
947 3855 995 3902 etc.
1030 3848 1171 3917 Soknnnte
