2602 4358
295 110 298 116 ’
394 137 435 189 ns
452 137 553 190 nsum
571 138 725 193 ruouaru.
760 139 786 192 c.
807 141 848 192 os.
1097 137 1156 199 185

87 319 160 387 tant,
176 310 306 389 ignaviae
322 311 496 391 voluptatem
513 320 542 373 et
557 311 684 390 praemia
699 311 824 372 virtutis.
864 314 959 388 Atque
976 311 1071 387 etiam,
1088 331 1153 374 cum
1169 325 1198 376 tt

85 397 163 476 apud
178 415 229 457 vos
244 396 338 458 autin
355 403 459 458 senatu
474 396 561 457 verba
576 396 704 472 iaciunt,
728 397 868 476 pleraque
883 396 1016 458 oratioue
1030 397 1156 460 maiores

86 500 156 542 suos
172 481 330 556 extollunt;
351 499 453 542 eorum
469 481 556 542 fortia
571 482 644 542 tacta
660 482 850 543 memorando
866 481 1005 543 clariores
1020 501 1084 543 sese
1099 501 1156 561 pu·
1236 490 1238 497 '

84 574 155 627 tant.
186 566 271 637 Quod
283 575 385 628 contra
398 575 456 627 est:
474 583 540 627 nam
554 573 663 644 quanto
676 567 732 627 vita
744 567 860 628 illorum
873 566 1061 646 praeclarior,
1073 575 1154 630 tanto
1170 580 1201 632 22

84 653 191 714 horum
206 651 340 712 socordia
355 649 534 729 flagitiosior.
572 651 610 710 Et
625 652 758 730 profecto
774 651 812 712 ita
828 671 859 713 se
874 671 922 714 res
937 652 1039 714 habet:
1063 652 1155 713 maio·
1170 666 1202 717 23

85 756 150 798 rum
166 736 260 814 gloria
275 737 401 815 posteris
417 736 499 814 quasi
515 736 615 797 lumen
631 743 685 810 est,
702 755 798 815 neque
813 736 890 797 bona
906 756 1004 816 neque
1019 737 1092 799 mala
1105 757 1155 799 eo-

84 839 150 882 rnm
162 821 192 883 in
205 821 321 881 occulto
334 820 453 900 patitur.
484 820 614 882 Huiusce
630 821 674 881 rei
685 838 739 899 ego
751 822 880 900 inopiam
891 821 994 895 fateor,
1010 822 1153 898 Quirites3
1170 835 1201 887 at

84 925 200 980 verum,
217 906 246 966 id
262 906 341 984 quod
356 907 448 967 multo
464 905 643 986 praeclarius
659 914 718 981 est,
740 914 865 967 meamet
880 907 955 967 iacta
970 906 1042 967 mihi
1058 907 1155 970 dicere

83 991 161 1052 licet.
190 990 278 1052 Nunc
292 991 396 1069 videte,
413 1009 500 1070 quam
512 991 607 1070 iniqui
619 991 687 1053 sint.
718 991 803 1062 Quod
818 1011 854 1052 ex
868 991 962 1052 aliena
977 991 1084 1054 virtute
1099 992 1155 1053 sibi
1170 1004 1201 1056 25

84 1076 242 1156 adrogant,
257 1077 286 1137 id
302 1076 373 1138 mihi
389 1095 424 1138 ex
439 1095 503 1138 mea
519 1095 579 1136 non
596 1077 778 1138 concedunt:
803 1075 915 1138 scilicet
930 1076 998 1156 quia
1013 1077 1155 1156 imagines

84 1180 145 1222 non
161 1161 254 1223 habeo
270 1170 299 1223 et
314 1162 381 1241 quia
397 1161 469 1222 mihi
485 1180 558 1222 nova
574 1161 710 1222 nobilitas
725 1169 783 1236 est;
805 1180 892 1240 quam
908 1169 988 1222 certe
1003 1163 1155 1242 peperisse

85 1246 189 1308 melius
199 1255 243 1308 est
254 1266 340 1326 quam
356 1256 505 1326 acceptam
521 1247 699 1326 corrupisse.
729 1246 873 1325 Equidem
890 1265 944 1326 ego
960 1265 1021 1307 non
1037 1248 1154 1326 ignoro,
1169 1263 1200 1313 26

84 1332 108 1392 si
124 1332 180 1392 iam
192 1331 263 1392 mihi
279 1333 459 1412 respondere
471 1331 572 1407 velint,
587 1330 704 1392 abunde
719 1330 777 1392 illis
792 1331 946 1392 facundam
962 1340 992 1393 et
1006 1333 1154 1412 composi-

83 1425 141 1478 tam
158 1417 321 1478 cretionem
337 1418 414 1478 iore:
431 1417 528 1478 sedin
544 1423 642 1477 vostro
658 1434 793 1477 maxumo
810 1416 962 1491 beneficio-
975 1435 1042 1478 cum
1059 1418 1154 1478 omni·

83 1503 139 1562 bus
155 1502 229 1563 locis
244 1520 291 1562 me
306 1520 416 1581 vosque
432 1501 593 1563 maledictis
608 1501 748 1574 lacerent,
765 1519 824 1562 non
841 1500 952 1579 placuit
967 1502 1100 1576 reticere,
1117 1520 1155 1561 ne

84 1586 150 1666 quis
173 1586 345 1647 modestiam
361 1587 391 1647 in
416 1585 628 1648 conscientiam
645 1587 776 1647 duceret.
815 1585 888 1645 Nam
910 1602 957 1646 me
979 1587 1097 1664 quidem
1121 1605 1156 1647 ex
1170 1603 1199 1652 nt

83 1671 173 1732 animi
188 1671 246 1732 mei
262 1671 407 1733 sententia
423 1672 503 1733 nulla
519 1671 611 1732 oratio
627 1671 741 1732 laedere
757 1678 869 1750 potest;
892 1671 1004 1750 quippe
1019 1689 1086 1732 vera
1101 1689 1154 1732 ne-

84 1774 166 1818 cesse
178 1764 222 1818 est
233 1756 309 1818 bene
325 1757 505 1836 praedicent,
522 1755 591 1817 salsa
606 1757 662 1817 vita
678 1774 835 1834 moresque
850 1756 906 1817 mei
922 1764 1078 1835 superant:
1101 1756 1152 1818 sed
1168 1773 1200 1824 28

83 1843 221 1920 quoniam
237 1850 334 1904 vostra
350 1842 472 1904 consilia
487 1850 674 1917 accusantur,
690 1841 742 1920 qui
757 1841 830 1901 mihi
844 1859 992 1902 summum
1008 1841 1153 1903 honorem

83 1934 112 1987 et
126 1945 295 1988 maxumum
310 1927 461 2007 negotium
477 1926 666 2006 inposuistis,
689 1927 774 1987 etiam
797 1934 885 2006 atque
904 1927 988 1987 etiam
1009 1934 1152 2006 reputate,
1175 1964 1178 1968 -

10 2074 13 2087 ,
84 2029 155 2072 nurn
171 2030 273 2073 eorum
289 2012 499 2093 paenitendum
514 2011 562 2074 sit.
599 2012 664 2072 Non
688 2029 810 2092 possum
826 2012 893 2072 srdei
909 2029 995 2072 causa
1011 2011 1152 2090 imagines
1168 2026 1202 2078 to

117 2181 158 2232 24.
177 2178 450 2240 huiusce...fateor:
468 2179 494 2230 in
507 2178 593 2232 diesen
645 2179 697 2246 vgl.
721 2178 770 2230 den
794 2178 929 2230 ihnlichen
951 2177 1082 2230 Gebrauch
1105 2194 1156 2229 von

84 2246 189 2299 Worten
208 2248 270 2313 tiegt
288 2246 364 2299 keine
382 2247 477 2312 ironis,
500 2247 549 2299 wie
567 2247 593 2298 in
645 2253 749 2298 vortere
768 2250 808 2310 82,
824 2250 853 2306 3;
872 2248 980 2298 tradere
998 2248 1039 2312 92,
1056 2249 1085 2307 23
1103 2246 1155 2298 und

83 2314 206 2366 marchen
236 2315 466 2380 vorhergeheuden.
485 2315 593 2381 Auspie·
644 2315 705 2366 tiber
724 2317 886 2366 conscientia
905 2329 935 2365 zu
956 2317 996 2379 32,
1009 2318 1034 2366 5.

83 2381 187 2447 lungen,
205 2399 226 2434 a.
237 2381 264 2432 B.
276 2382 322 2433 aui
333 2381 375 2432 die
389 2383 548 2448 imaginec§
562 2386 591 2435 to
678 2385 719 2435 27.
736 2399 771 2432 ecc
780 2386 866 2432 animi
874 2386 927 2433 mei
935 2385 1083 2433 contentia:
1099 2382 1156 2434 eine

83 2449 143 2513 (und
156 2451 207 2514 25),
225 2450 333 2501 sondern
344 2448 404 2500 Mar.
415 2449 521 2501 erkennt
539 2449 592 2514 das,
644 2449 766 2501 stehende
779 2450 876 2502 Formel
894 2466 937 2500 um
950 2466 981 2501 au
1000 2449 1156 2514 versichern,

83 2531 137 2569 was
152 2517 203 2568 ihm
213 2516 285 2579 fehlt,
299 2516 337 2568 als
353 2516 394 2568 ein
410 2530 441 2567 an
457 2517 511 2568 sich
521 2520 593 2567 wdn·
643 2517 703 2569 dass
712 2517 758 2569 das
767 2518 926 2583 Ausgesagte
933 2517 975 2568 die
985 2518 1087 2578 ,wahre
1094 2517 1154 2568 Her-

83 2582 593 2648 schenswerthesGut(§2'dtan,welches
645 2584 842 2650 zensmeinung“
866 2583 908 2634 die
931 2585 1043 2636 iunerste
1062 2584 1155 2637 Ueber-

84 2653 144 2704 aber
154 2653 219 2704 doch
235 2653 351 2719 peringen
365 2652 401 2703 sei
418 2651 456 2704 ais
466 2651 520 2718 das,
538 2666 593 2704 was
645 2666 763 2718 zeugong
781 2651 825 2703 des
843 2650 1022 2718 Sprechenden
1041 2652 1085 2706 sei.

84 2736 111 2772 er
128 2721 273 2773 seinerseits
292 2719 463 2771 auizuweiseu
486 2720 558 2772 habe.
679 2735 742 2770 vora
753 2723 931 2784 ..superante
953 2735 1017 2770 uera
1034 2745 1068 2765 .-=
1086 2735 1156 2786 quae

118 2791 158 2842 25.
178 2789 265 2854 quod.
275 2825 282 2840 .
293 2788 322 2838 td
327 2808 336 2838 :
355 2786 464 2839 udmlich
479 2785 527 2840 den
540 2789 593 2840 An·
645 2803 709 2838 vcro
718 2792 795 2849 eunt·
808 2786 853 2838 der
861 2787 1082 2855 Zusammenhang
1090 2787 1156 2840 lisst

83 2858 176 2924 spmch
195 2856 239 2908 aut
255 2856 341 2909 soiche
360 2855 451 2920 Ehren,
469 2855 594 2908 wiccon—
644 2853 750 2906 darinei
759 2855 1155 2921 quaoeredemedteercoaltnt

83 2925 150 2977 solat
168 2925 219 2978 und
236 2925 378 2991 Imperium.
645 2923 780 2983 erkeuuem
796 2923 830 2974 im
840 2923 1154 2990 Gegensataedaunfaloa

118 2997 159 3048 26.
178 2993 311 3060 equidem:
329 3009 361 3044 zu
379 2991 433 3045 Gai.
451 2997 492 3057 51,
504 2997 543 3045 15.
643 3017 679 3038 =
690 3007 758 3057 quae
767 2991 840 3053 fuleo
850 2992 985 3056 discordum
1000 2991 1111 3045 nachher
1121 2993 1155 3044 ist

118 3065 304 3128 compositum:
322 3060 406 3128 vgl.§
426 3063 471 3122 313
489 3077 521 3113 zu
539 3061 593 3112 Cat.
646 3061 1066 3126 bene=ita,utdonasintquae
1093 3077 1153 3111 rac·

85 3133 127 3194 51,
143 3132 167 3182 9.
645 3128 769 3180 dicentur
778 3127 818 3179 od.
828 3127 891 3180 kurz
902 3144 961 3179 cum
971 3129 1050 3179 laude
1062 3077 1155 3193 (dieser

117 3197 164 3246 sed
178 3200 207 3246 in
224 3202 313 3246 oestro
328 3199 376 3248 etc.
400 3195 496 3248 ¹stor
508 3196 593 3264 suppl.
645 3195 742 3264 Begriff
761 3195 824 3263 liegt
848 3195 918 3248 nicht
939 3196 1018 3248 sehon
1043 3211 1075 3248 an
1099 3196 1154 3248 sich

84 3278 142 3316 man
164 3263 208 3316 des
229 3263 429 3315 Zusammenhan
450 3279 478 3317 es
501 3279 592 3331 wegen
645 3265 695 3316 und
709 3263 1152 3331 nothwendiginpraedicarmvgl.

84 3331 152 3394 ,und
169 3331 210 3382 ich
226 3330 313 3382 wurde
328 3331 414 3396 daher,
432 3280 464 3382 ia
480 3333 521 3384 ich
534 3332 592 3384 irei·
644 3333 698 3384 Cat.
716 3335 757 3397 48,
769 3334 803 3397 9).

84 3400 135 3452 liuh
157 3399 213 3451 eine
239 3398 337 3466 gleiohe
363 3398 593 3452 Geschicklichkeit
679 3403 719 3452 28.
738 3403 818 3450 ctiam
836 3405 916 3464 atque
935 3402 1014 3450 etiam
1027 3402 1075 3452 etc.
1110 3398 1157 3450 iiie

85 3467 155 3520 nicht
178 3467 287 3530 besitze,
312 3466 391 3518 lieber
414 3467 592 3534 geschwiegen
644 3467 832 3534 Aufforderung
857 3466 969 3518 rerhdllt
994 3467 1020 3517 in
1045 3465 1155 3518 redueri-

83 3535 190 3588 haben.“
645 3536 718 3588 soher
728 3535 813 3587 Weise
828 3533 869 3586 die
885 3534 1010 3600 Aussage,
1026 3550 1070 3596 ,so
1084 3549 1154 3587 muss

118 3607 238 3656 remeare:
255 3602 325 3666 ,das,
342 3615 463 3654 wasman
473 3617 504 3653 zu
515 3617 593 3670 sapen
645 3604 686 3656 ich
697 3603 761 3656 cuch
771 3617 813 3653 um
829 3602 986 3654 enretwitien
1001 3602 1084 3655 moine
1094 3603 1154 3654 Ver-

84 3671 343 3736 uat‚zurnctm1ten,
365 3669 576 3723 unterdrttcken.“
645 3672 744 3723 dieuste
753 3671 842 3722 immet
852 3685 903 3722 von
912 3672 1152 3737 ueuemvordugcn

118 3744 147 3791 tn
165 3756 251 3793 conec.
270 3740 391 3791 duceret:
416 3738 469 3800 ,als
487 3737 594 3790 Schuld·
645 3737 1155 3802 iuhrcn,damitihrurtheilenlrdnntetc.“

84 3807 254 3862 bewnsstseiu
281 3806 417 3873 auffasste,
444 3805 593 3876 auslegte“;
681 3809 721 3860 29.
741 3807 807 3869 fidet
824 3822 921 3858 cauea:
938 3822 969 3858 zu
988 3809 1029 3871 29,
1044 3810 1068 3860 4.
