2602 4358
149 166 209 230 186
516 168 543 220 G.
562 164 717 220 SALLUSTl
734 164 835 219 cmsrr

147 361 245 422 neque
260 341 426 421 triumphos
441 349 492 400 aut
506 339 678 400 consulatus
692 337 835 399 maiorum
849 350 985 400 meorum
1001 347 1165 415 ostentare,
1180 352 1221 418 at,

149 429 174 488 si
190 446 238 488 res
248 427 388 507 postulet,
405 425 501 486 hastas
513 424 651 485 vexillum
662 423 805 503 phaleras,
820 424 874 484 alia
886 422 1021 486 militaria
1032 425 1118 501 dona,
1134 444 1221 506 prae·

105 522 136 573 30
150 520 229 574 terea
244 512 395 574 cicatrices
410 511 532 572 advorso
548 527 683 589 corpore.
714 507 775 570 liae
790 517 861 570 sunt
875 526 956 570 meae
971 509 1131 590 imagines,
1147 512 1220 574 haec

148 597 301 672 nobilitas,
318 615 380 657 non
395 595 555 657 hereditate
571 593 687 667 relicta,
709 602 742 654 ut
757 592 805 654 illa
822 593 897 667 illis,
918 594 969 655 sed
985 613 1060 674 quae
1075 613 1130 675 ego
1146 597 1221 659 mus

103 691 132 743 31
148 682 295 762 plurumis
317 680 466 742 laboribus
489 691 518 742 et
535 679 675 759 periculis
697 678 834 759 quaesivi.
876 679 941 740 Non
965 688 1036 741 sunt
1056 682 1221 761 composita

148 767 235 828 rerba
250 785 329 830 mea:
355 767 436 846 parvi
452 765 482 826 id
498 765 588 827 lacio:
615 765 678 844 ipsa
692 783 725 825 se
739 765 833 825 matus
847 765 917 826 satis
933 765 1061 828 ostendit
1067 783 1076 841 ;
1099 766 1158 828 illis
1173 784 1220 829 er·

102 862 134 913 82
149 851 239 913 tilleio
254 871 331 932 opus
346 864 406 927 est,
430 864 463 913 ut
478 849 576 929 turpia
591 850 664 911 lacta
680 849 813 910 oratione
835 857 944 928 tegant.
984 849 1088 931 Neque
1109 850 1220 915 litteras

149 937 274 998 Graecas
289 937 392 998 didici:
408 954 513 1017 pamm
526 934 657 1015 placebat
668 953 717 996 eas
727 933 850 1009 discere,
866 934 978 1015 quippe
990 953 1065 1014 quae
1076 937 1111 998 ad
1127 938 1221 999 rirtu·

148 1031 207 1083 tem
223 1021 392 1083 doctoribus
409 1022 481 1082 nihil
497 1021 679 1100 profuerant.
720 1021 757 1080 At
779 1019 827 1080 illa
842 1021 934 1080 multo
955 1029 1076 1100 optuma
1097 1022 1141 1084 rei
1163 1040 1221 1103 pu-

103 1118 133 1169 ³3
148 1107 240 1168 blicae
251 1107 439 1181 lestussum,
452 1107 566 1167 hostem
573 1105 671 1180 ferire,
685 1104 864 1185 praesidium
873 1105 993 1183 agitare,
1006 1105 1220 1171 nihilmeluere

149 1193 207 1252 nisi
224 1200 339 1271 turpem
353 1193 467 1265 lamam,
482 1190 609 1252 hiemem
628 1201 657 1252 et
671 1198 809 1251 aestatem
825 1191 903 1250 iuxta
919 1190 989 1270 pati,
1005 1191 1087 1252 humi
1102 1193 1221 1272 requie·

105 1287 137 1338 ss
151 1295 244 1351 scere,
261 1276 363 1337 eodem
374 1286 507 1356 tempore
519 1276 649 1356 inopiam
661 1283 691 1336 et
701 1275 830 1336 lahorem
842 1275 978 1336 tolerare.
1005 1275 1057 1337 llis
1067 1295 1123 1356 ego
1134 1294 1222 1358 prae·

150 1361 244 1441 ceptis
258 1362 366 1422 milites
381 1360 536 1436 hortabor,
559 1379 656 1440 neque
679 1359 745 1421 illos
767 1369 829 1422 arte
851 1360 962 1435 colam,
984 1379 1032 1422 me
1054 1362 1221 1443 opulenter,

104 1457 134 1507 35
151 1465 248 1526 neque
259 1447 381 1524 gloriam
393 1465 498 1520 meam,
513 1445 642 1506 laborem
654 1445 772 1507 illorum
784 1444 896 1506 luciam.
924 1444 988 1507 Hoc
1006 1456 1050 1508 est
1066 1447 1150 1523 utile,
1164 1448 1223 1509 hoc

150 1531 233 1592 civile
244 1532 415 1611 imperium:
433 1550 570 1609 namque,
586 1549 654 1591 cum
666 1539 729 1592 tute
740 1548 794 1611 per
804 1530 956 1593 mollitiam
967 1549 1045 1610 agas,
1061 1533 1222 1594 exereitum
1254 1546 1261 1556 ·

104 1625 135 1678 ³6
149 1616 296 1697 supplicio
312 1635 429 1695 cogere,
445 1616 474 1677 id
489 1627 535 1678 est
549 1616 712 1692 dominum,
732 1634 793 1677 non
808 1615 1016 1696 imperatorem
1031 1635 1106 1678 esse.
1143 1617 1224 1680 llaec

149 1710 237 1782 atque
253 1702 320 1763 talia
334 1702 460 1763 maiores
475 1701 564 1762 vostri
579 1701 718 1763 faciundo
733 1719 824 1780 seque
839 1719 962 1781 remque
980 1701 1128 1782 publicam
1143 1702 1223 1765 cele-

107 1795 136 1848 87
151 1785 286 1848 hravere:
303 1787 371 1865 quis
383 1786 520 1849 nobilitas
531 1788 614 1862 lreta,
630 1787 694 1866 ipsa
708 1785 858 1848 dissimilis
872 1786 1015 1860 moribus,
1032 1806 1088 1849 nos
1102 1787 1223 1850 illorum

150 1873 281 1934 aemulos
296 1872 460 1933 coutemnit
476 1879 504 1932 et
518 1872 615 1933 omnis
630 1872 759 1932 honores
778 1890 839 1932 nou
863 1890 898 1933 ex
920 1873 1041 1947 merito,
1064 1873 1117 1935 sed
1138 1873 1225 1952 quasi

105 1966 136 2018 38
151 1957 265 2018 debitos
280 1975 296 2018 a
312 1956 394 2016 robis
408 1956 524 2036 repetit.
564 1953 701 2017 Ceterum
723 1956 859 2017 homines
879 1956 1092 2037 superbissumi
1115 1957 1225 2037 procul

152 2052 260 2104 erraul.
284 2042 409 2103 Maiores
421 2059 524 2102 eorum
536 2041 644 2116 omnia,
656 2059 731 2120 quae
743 2041 858 2117 licebat,
871 2041 929 2103 illis
939 2042 1096 2122 reliquere,
1109 2042 1224 2105 divilias

185 2211 290 2259 hoelus:
320 2209 381 2272 hier,
409 2209 457 2259 wie
480 2207 522 2259 dle
547 2207 657 2260 anderen
745 2214 858 2259 animan
868 2210 940 2275 lum
954 2207 1007 2260 hier
1016 2209 1073 2261 dem
1083 2208 1225 2262 deuhcheu

151 2282 295 2342 genaunten
316 2277 405 2342 Dirige,
421 2275 659 2341 Ehrengesohenlse,
712 2275 1047 2343 „schmal“entsprechend.
1070 2276 1226 2342 llerin,eless

152 2345 248 2396 welche
272 2343 317 2396 der
334 2343 511 2395 Oberleldherr
531 2358 577 2395 zur
593 2346 659 2396 hus·
712 2345 799 2396 colam
816 2344 857 2396 lt'u
873 2345 972 2394 habebo
998 2344 1092 2411 gerade
1114 2360 1147 2398 ru
1165 2351 1226 2397 am

151 2413 293 2477 zeiehuung
320 2411 448 2471 ertheilte;
476 2411 590 2464 luderes
615 2411 661 2464 der
712 2415 813 2478 gesetzt
829 2413 863 2464 ist
880 2411 933 2464 und
947 2411 1060 2464 niehtau
1073 2413 1224 2480 opulenter,

151 2482 197 2532 Art
215 2493 300 2531 waren
319 2478 360 2532 die
377 2479 572 2532 verschiedeuen
587 2496 662 2531 eoro-
712 2481 774 2547 liegt
793 2480 849 2532 eine
867 2480 959 2532 leiehte
976 2480 1065 2532 lrouie.
1076 2481 1225 2534 -mrul

151 2547 662 2614 nae,lemertorques,cutello‚arme‘lla,
714 2548 1169 2616 gendensiudmeamuudt‘lloreem(
1218 2588 1226 2602 .

152 2617 328 2680 corniculum,
346 2617 438 2678 fibula.
713 2616 754 2669 0r.
774 2617 833 2683 Lep.
852 2619 898 2676 233
922 2617 975 2683 lug.
994 2619 1036 2682 79,
1046 2617 1072 2682 8)
1090 2616 1162 2669 nicht
1203 2621 1227 2670 l·

185 2688 227 2738 32.
246 2688 360 2751 quippe.
371 2720 376 2732 .
387 2683 566 2750 profuerant.-
578 2684 663 2737 Durch
713 2685 816 2748 tribute,
824 2684 934 2736 scudem
945 2683 1101 2750 Praedicate,
1109 2685 1166 2738 eleo
1175 2685 1226 2738 mit

151 2753 312 2819 dasPlusqu.
323 2751 387 2803 wird
403 2753 662 2819 eeiebamprofuieee
712 2754 814 2815 facim
832 2769 863 2804 zu
881 2752 1029 2804 rerbiudeu.
1047 2781 1082 2793 -
1100 2752 1152 2806 llas
1170 2753 1228 2807 hier

150 2818 446 2941 :ell‘lltmlt
466 2819 592 2940 ‘llis
612 2821 662 2940 ll
713 2820 1035 2940 tlllltlslffilfflll
1060 2820 1123 2874 eu
1147 2821 1165 2890 ⁹
1190 2825 1224 2876 ⁴⁷

153 2955 283 3019 Umstand,
297 2955 356 3007 dass
369 2956 414 3006 mit
427 2927 471 3007 der
486 2956 662 3022 griechischen
748 2960 789 3009 35.
809 2957 902 3007 ciuile.-
911 2956 951 3008 eiu
960 2956 1062 3010 solehes
1071 2958 1227 3025 imperium,

151 3023 493 3089 Culturaugleichmauches
502 3023 580 3075 Uebel
596 3023 661 3076 nach
713 3023 797 3076 wobei
815 3023 860 3076 der
876 3027 1025 3091 imperator·
1040 3024 1121 3078 deren
1135 3024 1228 3087 (leniit,

152 3090 384 3159 Romgeweudert
401 3104 463 3152 war,
488 3092 588 3143 muchte
605 3092 662 3144 eine
712 3091 771 3144 dese
789 3092 860 3144 scine
873 3092 994 3145 Soldelen
1012 3096 1083 3145 eluse
1099 3092 1159 3146 siml
1174 3093 1227 3147 wie

152 3161 240 3213 solehe
257 3161 421 3226 Aeusserung
442 3159 468 3210 iu
487 3159 557 3220 ¹Rom
580 3175 662 3228 popu·
713 3175 740 3211 er
756 3160 849 3221 selbst3
868 3159 1077 3228 alsoGegeusala
1092 3177 1126 3214 au
1142 3162 1226 3225 „stola

150 3229 196 3281 lic.
229 3227 290 3280 Sall.
308 3227 389 3279 selbst
405 3227 502 3295 spricht
519 3227 575 3280 sich
597 3229 662 3281 oster
712 3227 766 3281 und
784 3228 984 3280 uuireuudlich.“

151 3296 221 3349 nieht
245 3295 309 3348 eben
332 3295 378 3348 mit
396 3295 515 3348 Vorliehe
541 3297 604 3349 iiber
620 3296 662 3348 die
747 3299 788 3349 36.
807 3296 985 3348 celebravere:
1002 3297 1053 3350 wie
1067 3297 1121 3350 Get.
1136 3299 1186 3365 8,l
1199 3312 1227 3352 n.

150 3365 272 3416 Griechen
284 3363 401 3432 aus3vgl.
412 3365 464 3416 Gal.
475 3368 503 3424 ὃς
519 3368 561 3430 51,
572 3367 662 3434 39;—
714 3367 741 3424 33
766 3364 818 3431 lug.
838 3366 917 3428 73,5;
936 3367 977 3429 86,
987 3367 1012 3418 3.

151 3433 304 3484 doctoratus
314 3432 478 3485 heziehtslch
490 3432 535 3484 aul
546 3431 662 3500 diegrie·
748 3434 789 3486 37.
808 3435 881 3497 quis:
899 3431 925 3486 d.
935 3433 951 3484 i.
967 3435 1012 3498 ele,
1028 3447 1097 3498 qaae
1108 3435 1227 3484 maim

151 3501 254 3553 chieche
272 3499 364 3552 Nation
384 3501 534 3567 tiberhaupt.
711 3498 843 3561 [comunt.

186 3573 227 3622 33.
241 3568 424 3635 praesidium:
443 3569 495 3635 rgl.
513 3571 589 3633 hasti.
746 3584 801 3619 non
820 3584 855 3618 ee
871 3571 981 3619 merito.-
1005 3582 1080 3634 supp.
1101 3580 1149 3620 aus
1166 3566 1228 3621 dem

185 3641 227 3690 34.
244 3638 285 3686 his
301 3642 408 3702 agnete.
434 3636 462 3687 ln
476 3636 559 3688 dieser
568 3636 662 3688 meiuer
712 3636 783 3702 l'olg.
802 3651 850 3688 nur
867 3639 945 3702 petie
969 3635 1037 3688 deun
1054 3639 1176 3702 repetere
1192 3636 1228 3690 ist

153 3705 267 3756 lleudlun
287 3705 389 3770 sweise,
406 3705 515 3756 meinem
528 3703 661 3771 Belspiele,
713 3703 757 3755 der
780 3703 928 3757 techuieche
951 3702 1085 3756 husdruek
1108 3703 1151 3756 for
1178 3702 1227 3758 (les

151 3773 233 3824 sollen
264 3720 306 3824 gie
333 3772 506 3825 Vorsehrilten
539 3772 660 3825 hestehen
713 3770 862 3824 liinlordem
879 3772 950 3825 einer
965 3770 1070 3825 Schuld.

152 3844 268 3893 u.s.w.“
748 3842 790 3893 38.
807 3839 916 3893 hueber:
934 3854 981 3892 aus
994 3839 1229 3906 reliques-enuer-
