2602 4358
137 178 199 241 104
506 179 533 233 G.
551 177 707 232 snmusrr
725 176 826 232 CRlSl'l

133 352 204 434 pido
225 351 377 414 Thirmida
398 352 473 414 forte
494 352 559 414 eius
580 353 667 413 domo
690 350 844 427 utebatur,
866 351 918 430 qui
939 370 1103 432 proxumus
1124 351 1215 416 lictor

135 438 295 518 Iugurthae
310 456 397 499 earus
417 445 616 517 acceptusque
638 437 665 498 ei
687 455 805 517 semper
828 437 938 512 luerat;
960 456 1050 517 quem
1071 436 1120 498 ille
1140 456 1214 500 oasu

136 523 305 585 ministrum
317 521 445 583 oblatum
458 521 613 601 promissis
624 530 727 584 onerat
739 521 923 602 impellitque,
939 523 983 584 nti
997 531 1146 602 tamquam
1158 541 1214 584 sna

136 609 235 671 visens
247 609 365 669 domum
380 615 435 684 eat,
446 617 599 687 portarum
611 607 699 669 elaris
709 607 889 670 adulterinas
900 615 984 688 paret
994 642 1038 652 -
1048 625 1116 669 nam
1126 625 1215 671 verae

137 694 173 755 ad
188 691 386 773 Hiempsalem
400 692 606 755 referebantur
622 711 677 768 -;
694 702 836 767 ceterum,
858 691 909 753 ubi
924 711 973 754 res
991 692 1165 772 postularet,
1180 710 1215 755 se

106 790 121 840 l
136 779 235 858 ipsum
250 796 318 840 eum
330 795 435 856 magna
450 795 539 840 mann
553 788 722 841 venturum.
752 777 877 839 Numida
892 778 1027 839 mandata
1042 777 1122 839 brevi
1137 796 1214 839 eon·

136 863 198 924 doit
211 872 317 943 atque,
340 863 384 925 uti
400 863 504 925 doetus
519 870 597 939 erat,
620 871 712 925 noetu
733 862 893 942 lugurthae
912 863 1021 924 milites
1039 862 1213 924 introducit.

107 948 194 1020 oQui
216 956 372 1028 postquam
387 948 418 1008 in
434 948 514 1009 aedis
529 949 687 1029 inrupere,
709 948 816 1009 divorsi
838 965 938 1026 regem
961 965 1122 1026 quaerere,
1142 947 1216 1008 dor·

137 1033 256 1095 mientis
276 1033 349 1094 alios
371 1033 445 1094 alios
462 1032 647 1094 occursantis
667 1033 851 1107 interficere,
871 1033 997 1095 serutari
1017 1033 1081 1094 looa
1104 1031 1214 1106 abditu,

137 1118 237 1180 elausa
248 1118 415 1196 effringere,
427 1117 552 1198 strepitu
564 1125 594 1179 et
603 1117 734 1180 tumultu
746 1119 844 1179 omnia
856 1118 995 1180 miseere:
1013 1135 1081 1180 oum
1092 1117 1214 1180 interim

137 1202 288 1282 Hiempsal
309 1203 457 1282 reperitur
477 1203 631 1265 occultans
653 1221 685 1264 se
699 1203 819 1282 tugurio
835 1202 968 1264 mulieris
990 1202 1129 1279 ancillae,
1152 1219 1217 1282 quo

106 1287 223 1350 dinitio
238 1287 361 1367 pavidus
377 1296 406 1349 et
427 1288 548 1366 ignarus
569 1287 626 1349 loei
648 1289 827 1368 perfugerat.
865 1287 1008 1350 Numidae
1028 1296 1117 1368 eaput
1138 1286 1215 1363 eins,

137 1373 181 1435 uti
196 1373 269 1434 iussi
284 1379 377 1448 erant,
393 1372 429 1433 ad
444 1373 617 1452 Iugurtham
632 1373 775 1435 referunt.

86 1463 121 1521 18
224 1455 360 1520 Ceterum
381 1457 457 1520 lama
472 1457 545 1520 tanti
559 1458 699 1521 facinoris
713 1476 769 1538 per
784 1475 901 1519 omnem
917 1457 1045 1518 Africam
1066 1455 1148 1518 brevi
1169 1455 1217 1517 di-

137 1543 286 1623 volgatur;
303 1542 497 1605 Adherbalem
512 1545 686 1623 omnisque,
710 1543 762 1623 qui
776 1542 833 1605 suh
848 1542 974 1623 imperio
989 1540 1130 1620 llioipsae
1148 1541 1216 1603 iue-

137 1637 220 1704 rant,
242 1636 338 1690 metus
358 1628 485 1704 invadit,
506 1629 537 1691 in
559 1629 631 1690 duas
646 1629 739 1708 partis
761 1621 919 1689 discedunt
932 1626 1091 1702 Numidae;
1112 1626 1218 1706 plures

107 1724 122 1774 2
138 1713 331 1775 Adherbalem
347 1720 506 1790 secuntur,
530 1713 582 1776 sed
596 1713 681 1775 illum
695 1713 821 1775 alterum
838 1712 916 1773 bello
937 1711 1085 1774 meliores.
1120 1710 1219 1791 igitur

138 1798 281 1876 Iugurtha
303 1816 391 1877 quam
411 1817 563 1861 maxumas
582 1805 681 1879 potest
701 1798 801 1878 copias
821 1805 929 1872 armat,
951 1797 1035 1859 urhis
1057 1796 1165 1877 partim
1187 1795 1217 1856 vi

138 1881 209 1945 alias
231 1883 381 1945 voluntate
403 1883 528 1963 imperio
546 1902 601 1945 suo
623 1882 773 1962 adiungit,
795 1883 877 1945 omni
891 1881 1046 1944 Numidiae
1067 1881 1218 1961 imperare

109 1975 231 2047 sperat.
261 1967 425 2043 Adherbal,
441 1969 556 2030 tametsi
570 1968 694 2030 Romam
716 1967 829 2046 legatos
849 1967 985 2040 miserat,
1007 1966 1059 2046 qui
1080 1973 1218 2028 senatum

139 2053 281 2114 docerent
295 2052 331 2114 de
346 2054 434 2115 oaede
448 2053 547 2115 fratris
562 2061 591 2115 et
605 2052 734 2114 fortunis
749 2051 829 2128 suis,
850 2061 949 2114 tamen
966 2053 1060 2113 fretus
1080 2051 1218 2114 multitu·

108 2137 208 2202 rdine
222 2137 350 2199 militum
365 2138 485 2218 parahat
499 2139 589 2201 armis
606 2137 796 2200 contendere.
837 2137 896 2198 Sed
917 2137 969 2198 ubi
991 2155 1040 2198 res
1061 2137 1096 2198 ad
1119 2144 1217 2198 oerta-

139 2240 208 2284 men
224 2222 320 2299 venit,
341 2221 436 2284 dotus
457 2242 492 2285 ex
512 2224 628 2304 proelio
648 2221 782 2303 profugit
802 2223 833 2284 in
856 2223 1039 2302 provinciam
1053 2240 1088 2283 ao
1109 2220 1219 2283 deinde

109 2306 262 2371 oRomam
284 2308 446 2370 contendit.
486 2309 563 2370 'lum
583 2309 726 2388 Iugurtha
749 2307 870 2387 patratis
885 2306 1034 2381 consiliis,
1057 2314 1218 2388 postquam

139 2393 238 2453 omnis
259 2391 413 2454 Numidiae
438 2393 621 2474 potiebatur,
648 2393 679 2455 in
700 2393 760 2454 otio
782 2393 897 2453 lacinus
917 2411 1005 2454 snum
1028 2409 1096 2454 oum
1116 2390 1219 2453 animo

178 2557 332 2610 Thirmida:
358 2558 404 2612 Die
426 2560 495 2628 Lege
517 2561 551 2614 ist
574 2562 652 2614 unhe·
704 2558 758 2612 sich
785 2573 831 2612 nus
858 2558 917 2611 dem
947 2557 1085 2626 folgenden
1110 2558 1217 2626 Peragr.

140 2626 230 2682 haunt.
283 2697 288 2710 Ι
391 2695 397 2707 ι
473 2696 479 2708 ·
705 2627 796 2695 ergiht
814 2643 847 2680 zu
865 2627 973 2680 denhen.

140 2695 655 2842 tatteretur-truatur*lu
704 2696 916 2842 tertiata
934 2694 1056 2815 aalide„
1070 2696 1148 2816 ht
1166 2695 1219 2816 u

141 2834 205 2883 strat
237 2829 496 2883 voransehrertenden
528 2831 653 2895 historeo,
705 2831 760 2882 luer
776 2831 829 2897 lug.
848 2833 891 2894 55,
907 2833 941 2891 'l;
960 2833 1005 2895 87,
1022 2833 1047 2884 4.

141 2897 220 2950 daher
236 2898 290 2950 ihm
307 2897 353 2949 der
370 2899 489 2960 nichote;
513 2898 548 2949 im
565 2897 653 2966 Range
739 2900 853 2963 strepitu
876 2901 925 2949 ete.
961 2897 1022 2952 'lue
1047 2897 1111 2951 ilist-
1134 2900 1161 2963 3,
1184 2901 1218 2953 ts

141 2965 186 3019 der
212 2966 329 3019 hoenste.
372 2964 434 3016 llem
466 2965 652 3033 entsprechend
704 2967 862 3031 irrumpunt
887 2964 1031 3018 Vitelliani
1061 2971 1088 3017 et
1118 2971 1218 3018 anneta

140 3033 204 3099 hier,
222 3034 269 3086 mit
286 3032 437 3085 huwendun
473 3034 536 3084 rdm.
554 3032 652 3086 Namen
703 3049 752 3085 ran
792 3031 1217 3101 ineferrotlummiequama‘romt.

142 3103 188 3155 aul
203 3100 320 3154 ahnliohe
337 3099 433 3152 tremde
467 3100 526 3167 inge
543 3102 652 3167 (nudat.
774 3138 781 3151 .
817 3102 841 3152 3.
869 3105 975 3152 tametsi
991 3107 1040 3156 ete.
1073 3101 1157 3154 llnreh
1176 3102 1219 3155 dle

142 3174 184 3235 53,
202 3171 237 3236 3),
255 3168 324 3220 einer
341 3167 386 3220 der
404 3167 652 3238 Trabantenlugnr·
704 3167 838 3234 Anmlnng
860 3168 905 3221 des
928 3172 990 3224 rdrn.
1014 3171 1106 3224 Sennts
1127 3169 1219 3223 selrieu

141 3238 207 3303 thas,
225 3236 270 3288 der
287 3235 340 3286 ihm
376 3236 653 3291 ersdnliehhesonders
705 3252 733 3289 er
762 3235 807 3286 aul
831 3234 986 3290 Selhslhrille
1018 3237 1159 3292 veraichtet
1184 3253 1219 3290 au

142 3305 208 3358 nahe
226 3302 301 3356 stand
319 3252 374 3354 und
389 3319 432 3356 um
445 3303 654 3374 ihnhesohdltigt
704 3304 801 3371 haben;
834 3304 893 3355 aber
924 3320 953 3357 er
978 3306 1039 3374 griff
1061 3305 1220 3375 gleiehrrohl

142 3389 204 3436 wer,
224 3372 278 3424 sein
295 3370 467 3424 Leiblrahant.
704 3371 777 3425 dazu.

178 3457 257 3494 earu:
275 3440 321 3491 mit
338 3439 425 3508 Bezug
443 3440 488 3493 aul
507 3441 580 3504 sorte
597 3444 654 3493 aius
739 3442 765 3493 4.
790 3443 959 3506 provinciam
986 3441 1012 3494 d.
1036 3441 1053 3494 i.
1077 3441 1220 3508 Ass-team,-

144 3510 221 3562 domo
239 3509 365 3560 utebatur
383 3512 430 3562 ete.
705 3507 752 3560 das
770 3507 910 3576 ehemalige
920 3508 1010 3562 Gehiet
1019 3524 1069 3562 von
1077 3509 1221 3578 Karthago,

177 3577 381 3640 refer-edantur.-
424 3577 533 3630 nimlieh
573 3575 654 3639 „naeh
705 3575 755 3629 seit
771 3575 828 3629 dem
847 3576 940 3630 dritten
965 3577 1106 3644 punisehen
1122 3577 1220 3647 Kriege

139 3645 333 3713 jedesmahgem
350 3644 558 3706 Zusehliessen“;
576 3642 655 3696 daher
704 3644 831 3697 romische
848 3645 969 3705 Prusiam
992 3646 1045 3712 vgl.
1066 3648 1105 3712 te,
1124 3649 1148 3697 l.

144 3714 190 3767 das
212 3713 313 3782 lmperl.
337 3743 370 3751 -
388 3713 505 3766 Naohher
528 3712 572 3765 hat
595 3726 654 3764 men
741 3717 764 3766 5.
781 3715 949 3780 potiebatur:
967 3713 993 3764 in
1011 3713 1056 3765 der
1067 3716 1149 3766 etwas
1167 3714 1221 3768 sel-

144 3782 199 3836 sieh
216 3783 258 3834 bei
276 3786 392 3833 osterum
410 3787 458 3834 ete.
480 3780 526 3833 das
543 3779 655 3832 Weitere
706 3784 810 3834 teneren
821 3781 972 3849 Bedentung
990 3779 1143 3842 „diellaoht
1154 3783 1222 3835 uber

145 3849 191 3904 des
216 3849 338 3919 Austrags
360 3864 486 3918 geunnen,
512 3863 541 3902 so
559 3847 609 3901 wie
626 3862 655 3904 es
707 3852 787 3902 etwas
814 3848 941 3901 habent
976 3847 1037 3902 Tae.
1055 3847 1121 3901 Anu.
1139 3851 1166 3915 2,
1185 3853 1222 3905 tn
