2602 4358
358 159 400 212 DE
418 157 519 210 autho
536 156 690 211 lUGURTll.
725 159 752 212 G.
770 162 811 214 88.
830 162 870 213 89.
1088 156 1144 218 191

79 340 132 394 est.
169 330 228 402 Sed
243 332 348 393 consul
363 333 405 393 uti
421 337 576 406 statuerat,
600 330 708 411 oppida
732 331 907 410 castellaque
927 334 1039 395 munita
1057 333 1147 408 adire,
1163 340 1201 396 89

79 416 183 496 partim
197 417 223 478 vi
239 416 293 478 alia
309 426 388 478 metu
403 427 454 477 aut
468 415 598 495 praemia
613 417 788 478 ostentando
804 426 937 478 avortere
952 418 987 478 ab
1003 419 1147 480 hostibus.

78 506 121 564 hc
136 503 231 582 primo
246 502 403 563 mediocria
419 501 554 580 gerebat,
576 502 755 563 existumans
771 503 941 580 Iugurtham
958 504 995 564 ob
1016 522 1086 565 suos
1101 512 1147 564 tu·
1163 515 1178 565 t

78 587 183 649 landos
199 587 229 648 iu
245 605 351 649 manus
365 594 533 648 venturum.
567 586 624 647 Sed
639 586 690 647 ubi
706 587 788 649 illum
804 589 907 666 procul
924 588 1026 650 abesse
1042 597 1071 651 et
1085 588 1177 650 allisa

79 673 205 750 negotiis
220 673 366 733 intentum
378 671 501 751 accepit,
517 672 625 732 maiora
642 679 671 732 et
681 672 774 751 magis
786 691 887 752 aspera
899 675 1020 752 aggredi
1032 684 1149 754 tempus

76 754 241 818 visum'est.

163 843 234 904 Erat
248 843 326 904 iuter
340 841 469 920 ingentis
483 840 657 903 solitudines
679 841 821 923 oppidum
840 860 979 922 magnum
995 851 1083 922 atque
1099 863 1147 904 va·
1163 856 1177 905 4

77 928 142 989 lens
159 928 279 988 nomine
295 927 397 1006 Capsa,
413 926 499 987 cuius
514 927 650 988 conditor
664 926 808 988 Hercules
818 927 907 1007 Libys
922 928 1148 989 memorabatur.

77 1013 151 1075 Eius
166 1013 244 1074 cives
259 1012 337 1092 apud
352 1012 524 1089 Iugurtham
541 1013 689 1087 inmunes,
704 1012 760 1073 levi
775 1013 911 1093 imperio,
930 1021 960 1074 et
975 1013 1012 1074 ob
1029 1031 1061 1076 aa
1077 1012 1149 1073 fide-

78 1098 190 1161 lissumi
207 1098 401 1173 habebantur,
416 1097 523 1158 muniti
538 1098 693 1158 advorsum
708 1097 802 1159 hostis
818 1116 878 1158 nou
894 1099 1049 1159 moenibus
1061 1098 1148 1158 mode

78 1192 107 1246 et
121 1183 209 1244 armis
224 1191 312 1263 atque
326 1184 411 1257 viris,
434 1200 535 1243 verum
557 1183 643 1244 etiam
670 1183 763 1244 multo
779 1184 870 1262 magis
887 1184 1020 1245 locorum
1037 1183 1148 1263 asperi·

77 1276 144 1330 tate.
182 1268 254 1330 Nam
276 1275 393 1349 praeter
415 1268 524 1347 oppido
546 1268 714 1347 propinqua
736 1268 791 1329 alia
815 1269 912 1330 omnia
928 1278 1005 1331 vasta
1027 1268 1179 1344 incultas

78 1354 192 1432 egentia
207 1372 310 1433 aquae,
325 1353 430 1415 intesta
443 1352 642 1432 serpentibus,
658 1353 847 1432 quorumvis,
863 1354 950 1415 sicuti
961 1356 1094 1416 omnium
1105 1354 1148 1414 le·

10 1500 12 1505 .
77 1458 187 1514 rarum,
203 1439 302 1517 inopia
318 1438 375 1499 cibi
392 1437 502 1512 acrior3
518 1437 553 1497 ad
569 1437 627 1498 hoc
642 1446 748 1499 natura
758 1438 953 1517 serpentium,
969 1440 1031 1520 ipsa
1047 1437 1149 1520 perni-

78 1525 168 1600 ciosa,
183 1524 230 1584 siti
246 1524 338 1603 magis
354 1541 441 1602 quam
457 1522 511 1583 alia
526 1541 559 1582 re
574 1523 754 1584 accenditur.
785 1523 858 1584 Eius
873 1525 1009 1602 potiundi
1025 1523 1149 1585 Marium
1163 1530 1179 1580 6

77 1626 211 1671 maxuma
228 1609 337 1688 cupido
352 1608 505 1681 invaserat,
521 1626 588 1668 cum
604 1615 728 1689 propter
742 1627 828 1668 usum
843 1608 923 1685 belli,
940 1617 1001 1669 tum
1018 1609 1085 1689 quia
1101 1625 1149 1666 res

78 1713 181 1774 aspera
196 1693 349 1755 videbatur
365 1701 394 1754 et
408 1691 542 1754 Metellus
558 1693 700 1772 oppidum
717 1692 836 1754 Thalam
859 1711 964 1773 magna
987 1693 1078 1773 gloria
1100 1710 1148 1752 ce·

77 1787 172 1859 perat,
187 1778 266 1840 haud
282 1777 462 1840 dissimiliter
476 1777 565 1838 situm
581 1778 798 1858 munitumque,
814 1778 871 1840 nisi
887 1780 965 1860 quod
981 1779 1058 1859 apud
1071 1777 1149 1838 Tha·

76 1865 132 1926 lam
150 1883 210 1926 non
226 1865 315 1943 longe
330 1883 346 1925 a
361 1863 517 1924 moenibus
532 1863 644 1943 aliquot
666 1865 762 1925 tontes
784 1872 885 1940 eraut,
909 1864 1071 1944 Capsenses
1090 1879 1148 1924 una

76 1951 165 2012 modo
180 1957 268 2029 atque
284 1969 316 2010 ea
331 1949 407 2010 intra
423 1948 565 2029 oppidum
580 1949 642 2028 iugi
658 1968 742 2028 aqua,
760 1956 856 2010 cetera
871 1950 968 2030 pluvia
980 1949 1148 2010 utebantur.

76 2036 109 2096 ld
125 2034 226 2113 ibique
241 2042 270 2096 et
281 2035 312 2096 in
327 2034 408 2096 omni
424 2033 530 2110 Alriea,
550 2052 626 2114 quae
639 2034 745 2114 procul
760 2054 775 2095 a
791 2034 864 2095 mari
879 2034 1021 2096 incultius
1036 2033 1148 2112 agebat,
1163 2042 1177 2090 v

78 2139 113 2183 eo
134 2121 248 2181 facilius
264 2120 459 2195 tolerabatur,
481 2120 549 2198 quia
564 2117 707 2182 Numidae
722 2119 899 2200 plerumque
921 2119 995 2181 lacte
1011 2129 1040 2181 et
1054 2117 1149 2179 lerina

79 2224 167 2266 came
182 2205 376 2267 vescebantur
391 2214 419 2267 et
435 2223 531 2284 neque
546 2204 635 2267 salem
659 2224 756 2284 neque
777 2204 831 2266 alia
854 2205 1041 2267 inritamenta
1065 2203 1149 2283 gulae

79 2290 272 2369 quaerebant:
290 2290 374 2352 cibus
389 2291 447 2352 illis
461 2291 603 2351 advorsus
618 2289 723 2351 famem
739 2297 827 2369 atque
843 2290 930 2368 sitim,
947 2309 1009 2352 non
1024 2285 1179 2349 lubidinis

78 2392 176 2453 neque
191 2374 322 2435 luxuriae
338 2383 408 2435 orat.
431 2375 526 2452 lgitur
541 2374 645 2436 consul
660 2375 799 2436 omnibus
815 2375 981 2456 exploratis,
998 2374 1086 2436 oredo
1101 2373 1146 2434 dis
1162 2373 1200 2429 90

113 2538 156 2596 89.
179 2544 199 2592 1.
218 2545 302 2590 matu:
329 2539 363 2591 ist
381 2539 421 2590 flu
438 2539 493 2591 sich
511 2539 586 2592 allelu
638 2539 1150 2607 schiedonenBedeutungeudiesesverb.

78 2610 115 2661 als
133 2607 192 2660 Abl.
216 2608 332 2659 instrum.
358 2623 388 2658 zu
412 2607 509 2668 fassam
533 2608 586 2674 vgl.
638 2608 664 2660 iu
677 2607 840 2674 Verbindung
858 2608 904 2658 mit
922 2609 970 2660 deu
988 2606 1149 2659 verschiedc-

79 2679 169 2740 rull,
190 2679 212 2728 1.
638 2690 687 2727 nen
714 2673 1066 2741 Praedicatsbcstimmungen
1096 2674 1148 2740 vgl.

114 2747 136 2797 3.
159 2746 276 2809 nogotiis
297 2745 442 2794 intentum:
466 2743 515 2794 wie
533 2743 588 2795 Gat.
638 2747 691 2794 unt.
710 2742 767 2795 and.
787 2746 828 2808 aa,
848 2746 862 2794 5
882 2742 933 2794 und
956 2759 986 2794 zu
1006 2742 1059 2794 Cat.
1080 2747 1101 2807 1,
1119 2745 1149 2802 4;

79 2815 103 2878 2,
122 2816 145 2864 9.
639 2814 663 2877 2,
682 2814 705 2862 2.

112 2883 136 2931 4.
156 2879 257 2944 Capsa:
280 2879 347 2943 jetzt
365 2878 453 2942 Galsa,
475 2879 508 2930 im
527 2878 588 2930 sv'rd·
674 2882 697 2932 6.
716 2893 793 2928 urum
812 2878 890 2928 belli:
907 2894 938 2930 zu
957 2881 997 2943 84,
1016 2881 1040 2931 3.

76 2947 160 3000 lichen
180 2945 268 2999 Theile
286 2962 337 2998 von
355 2946 502 3014 Byzacium,
520 2951 586 2998 etwa
672 2950 747 3012 iugi:
765 2948 837 3011 iugis
855 2962 925 3013 aqua
943 2947 977 3000 ist
991 2944 1149 3010 ,danemdes

78 3019 109 3070 10
128 3031 214 3083 geogr.
224 3015 316 3067 hleilcn
334 3015 432 3067 siidlich
450 3031 501 3066 von
521 3013 587 3066 'lhe-
639 3013 785 3076 (anhaltend
804 3014 962 3081 quellendes)
981 3015 1109 3068 Wasser“.

76 3086 146 3150 lepte
164 3084 235 3148 (oder
253 3083 348 3147 Thala,
372 3083 425 3150 vgl.
443 3097 475 3134 zu
493 3087 534 3147 75,
554 3087 587 3138 tl.
674 3088 779 3133 catara:
796 3083 906 3135 namlich
925 3100 1005 3151 aqua.

78 3152 169 3204 Strabo
187 3156 266 3203 neunt
284 3167 312 3204 es
329 3149 361 3201 τὸ
380 3149 587 3219 γαζοφυλάκιον
674 3155 697 3202 'l.
725 3151 837 3216 agebat.-
863 3151 1061 3218 ungewbhnlich
1089 3166 1149 3202 vom

74 3215 246 3286 Ἰουγούρθα.
282 3218 328 3270 Die
340 3217 414 3270 Stadt
431 3234 486 3271 war
503 3217 587 3271 wahr·
638 3218 724 3272 Laude
742 3218 941 3286 gebrauchtwle
959 3223 1090 3272 sonstvou
1101 3219 1149 3270 den

78 3285 215 3339 scheinlich
234 3285 414 3352 phdnicischen
433 3286 588 3354 Urspruugs,
638 3286 783 3339 blenschen.
818 3287 887 3340 lloch
913 3287 992 3340 denht
1010 3286 1069 3340 Sall.
1088 3286 1150 3350 hier,

77 3354 179 3407 worout
193 3354 271 3406 durch
291 3354 416 3404 Hercules
433 3354 515 3422 Libya
533 3355 587 3407 hiu-
639 3371 681 3407 wo
699 3370 749 3406 von
774 3354 819 3406 der
844 3356 993 3422 peringeren
1010 3355 1151 3406 Nothweu·

77 3424 199 3491 gcdeutet
215 3422 271 3474 sein
296 3421 379 3485 hanu,
404 3422 463 3473 aber
480 3423 521 3474 die
540 3422 587 3475 Be-
639 3421 737 3490 digheit
754 3422 799 3475 des
813 3421 1003 3476 Trinhwassers
1021 3422 1062 3474 die
1082 3420 1151 3472 Rode

77 3491 218 3558 vdlherung
242 3505 300 3542 zum
324 3505 428 3556 grossen
448 3489 520 3542 Theil
540 3506 586 3542 nu·
639 3491 681 3555 ist,
693 3487 1149 3557 hauptsichlichandieEinwohner.

78 3559 199 3623 midisch,
223 3557 308 3609 iudom
326 3558 407 3624 Gapsa
432 3573 463 3608 zu
482 3556 530 3610 den
555 3572 586 3609 au
638 3559 707 3610 Eheu
734 3574 763 3610 so
785 3558 832 3624 Ep.
859 3558 984 3625 Pompll
1009 3557 1098 3609 Gallia
1117 3593 1149 3608 ..

77 3627 210 3680 Masinissa
237 3627 385 3693 gegebeuen
413 3623 518 3677 Stlidten
545 3628 587 3691 (zu
639 3627 718 3676 malis
735 3625 870 3686 fructibus
888 3630 947 3692 ipsa
965 3629 1014 3676 uix
1031 3628 1127 3691 agitat.

79 3699 103 3759 5,
121 3698 137 3748 4
154 3711 178 3747 u.
198 3699 238 3756 56,
258 3697 283 3759 1)
302 3694 414 3761 gehbrte.
487 3759 488 3762 Ἴ
674 3696 747 3744 cibus
765 3694 820 3743 illis
838 3698 901 3748 etc:
927 3695 973 3746 mit
996 3694 1077 3746 cinam
1096 3691 1149 3744 Sei-

113 3766 249 3814 inmunes:
268 3761 472 3830 ,abgabcnlrci“.
640 3761 752 3814 teubllck
777 3761 822 3812 aul
841 3760 887 3814 das
906 3761 1076 3814 Raffiuement
1098 3775 1148 3812 von

114 3831 291 3882 habebantur:
334 3831 432 3898 Wegeu
459 3829 504 3882 der
530 3844 587 3881 ver·
640 3829 739 3883 damals
757 3833 861 3898 gesagl3
880 3830 933 3898 vgl.
952 3829 1004 3882 dat.
1026 3833 1065 3894 13,
1085 3832 1109 3882 3.
