2602 4358
372 29 412 80 DE
432 29 531 82 Benna
551 29 704 83 lUGURTll.
739 31 766 84 G.
785 34 893 85 70-73.
1109 28 1166 90 171

99 205 160 265 lere
171 210 342 281 suspectum
354 220 419 264 sese
431 201 561 265 baberet.
592 203 634 263 Ad
651 221 684 264 ea
699 221 760 277 rex,
777 203 860 264 aliter
871 211 958 284 atque
970 205 1068 266 animo
1085 223 1169 284 gere·
1187 213 1222 268 ld

99 289 165 363 bat,
187 287 300 367 placide
314 288 477 368 respondit.
520 287 682 349 Bomilcare
705 289 829 368 aliisque
844 289 960 365 multis,
984 309 1059 370 quos
1074 291 1171 352 socios

99 374 271 436 insidiarum
287 382 479 451 cognoverat,
503 373 665 435 interfectis
681 374 754 434 iram
771 383 975 454 oppresserat,
998 395 1035 437 ne
1056 394 1114 456 qua
1135 396 1171 438 ex

97 479 134 521 eo
151 459 269 536 negotio
285 459 390 519 seditio
406 459 544 520 oriretur.

183 543 286 622 Neque
302 551 368 622 post
383 543 412 603 id
427 543 561 604 locorum
577 542 735 621 Iugurthae
759 543 819 604 dies
841 554 891 606 aut
912 563 971 606 nox
992 544 1051 605 ulla
1072 546 1170 623 quieta
1185 563 1200 613 3

98 629 169 690 luit:
196 647 293 707 neque
315 629 379 689 loco
396 647 494 708 neque
510 627 626 688 mortali
642 627 779 706 cuiquam
795 637 846 689 aut
867 630 994 709 tempori
1014 630 1085 691 satis
1106 649 1171 692 ore·

99 715 178 789 dere,
192 713 261 773 civis
273 714 425 794 hostisque
438 714 517 774 iuxta
526 720 666 787 metuere,
681 713 928 793 circumspectare
940 715 1038 775 omnia
1050 722 1079 775 et
1090 715 1171 776 omni

96 800 224 879 strepitu
240 817 413 878 pavescere,
436 799 491 860 alio
507 807 595 878 atque
610 797 666 860 alio
683 798 764 874 loco,
787 818 874 879 saepe
890 808 992 860 contra
1011 801 1101 861 decus
1124 819 1171 862 re·

100 886 189 964 gium,
207 892 298 944 noctu
315 885 511 963 requiescere,
528 884 676 946 interdum
692 902 797 945 somno
814 885 926 946 excitus
941 884 1067 964 arreptis
1083 886 1171 946 armis

100 971 258 1032 tumultum
274 970 385 1031 lacere:
403 970 442 1031 ita
458 969 615 1032 lormidine
631 971 715 1050 quasi
730 971 865 1031 vecordia
880 971 1028 1048 exagitari.

183 1055 276 1135 lgitur
293 1055 443 1130 MetelluS,
466 1055 517 1116 ubi
533 1055 567 1116 de
583 1074 652 1117 casu
668 1056 839 1116 Bomilcaris
855 1064 884 1116 et
899 1056 1008 1116 indicio
1024 1055 1169 1134 patefacto
1187 1065 1222 1122 78

99 1160 135 1202 er
150 1141 281 1220 pertingis
298 1141 449 1218 cognovit,
473 1159 577 1202 rursus
593 1149 739 1219 tamquam
756 1140 791 1201 ad
807 1141 955 1219 integrum
971 1140 1080 1202 bellum
1096 1159 1170 1201 cnn·

99 1236 143 1287 cta
160 1235 243 1306 parat
258 1225 444 1304 festinatque.
484 1225 608 1286 Marium
624 1226 792 1302 fatigantem
809 1225 844 1286 de
859 1226 1059 1305 profectione,
1083 1226 1200 1290 simula

96 1319 127 1373 et
138 1311 261 1372 invitum
274 1317 303 1371 et
315 1310 459 1371 offensum
471 1309 526 1371 sibi
540 1328 643 1388 parum
656 1309 795 1371 idoneum
807 1319 897 1386 ratus,
911 1312 1029 1371 domum
1042 1311 1169 1372 dimittit

183 1396 219 1456 Et
235 1395 344 1456 Romae
365 1394 468 1473 plebes
483 1395 604 1474 litteris,
626 1413 702 1474 quae
717 1396 753 1455 de
768 1393 886 1456 Metello
906 1413 940 1456 ac
955 1396 1046 1456 llario
1064 1396 1170 1457 missae
1184 1409 1200 1460 3

97 1489 192 1554 erant,
208 1480 334 1558 cognitis
349 1479 458 1540 volenti
473 1481 569 1541 animo
585 1479 621 1540 de
635 1479 777 1541 ambobus
793 1489 978 1559 acceperant.
1008 1479 1200 1560 Imperatol

98 1567 124 1627 ri
140 1566 286 1639 nobilitas,
304 1583 379 1645 quae
392 1573 476 1626 antea
492 1565 590 1626 decori
606 1566 670 1638 luit,
686 1564 810 1626 invidiae
825 1583 903 1637 esse;
921 1564 1005 1626 atilli
1021 1565 1104 1626 alteri
1118 1583 1170 1644 ge-

98 1652 178 1712 neris
204 1651 352 1732 humilitas
378 1651 504 1711 favorem
524 1649 685 1711 addiderat:
713 1658 844 1711 ceterum
870 1651 900 1710 in
926 1659 1052 1729 utroque
1078 1650 1170 1729 magis

97 1800 296 1866 gewbbnlicher.
337 1800 512 1867 Regelmdsslg
539 1801 607 1853 wilre
659 1799 724 1852 tlscb
745 1799 898 1851 rorhanden
924 1800 966 1852 ist.
1008 1799 1169 1868 Vollslandig

97 1869 130 1918 do
147 1867 208 1920 oder
228 1872 256 1919 ln
276 1871 325 1920 tali
342 1870 447 1932 scolere,
466 1869 529 1920 aucb
546 1869 607 1919 talis
658 1868 734 1920 liesse
757 1868 811 1920 sich
835 1867 880 1919 das
903 1867 987 1919 Ganze
1009 1867 1170 1920 ausdrbcken
1271 1887 1273 1890 ’

94 1938 211 1990 sceleris.
508 1940 510 1945 “
659 1936 1081 2002 „rimulparumidoneumratua
1093 1939 1170 1987 euius

130 2003 174 2059 Ἠ.
188 2007 442 2070 baulmogaredal:
458 2004 617 2071 wieanamo·
660 2020 742 2070 opera
765 2009 794 2054 in
813 2005 880 2054 bello
902 2009 1032 2068 uteretur,
1056 2010 1082 2054 et
1104 2008 1169 2070 qula

95 2075 220 2137 agitabat
239 2077 277 2138 ll,
291 2077 311 2126 l.
660 2074 791 2138 denegata
798 2076 923 2123 missione
932 2075 1031 2123 invitm
1041 2072 1169 2123 illamen-

129 2145 392 2209 a'ramopprosaorat:
412 2156 455 2203 „er
471 2140 541 2192 hatte
556 2139 606 2192 sei·
659 2157 738 2192 suroca
757 2147 831 2199 ercet,
857 2144 1027 2206 aequoniam
1045 2141 1097 2191 aidi
1113 2143 1169 2191 iam

98 2223 156 2260 nem
181 2209 246 2260 Zorn
274 2224 355 2274 gagen
383 2208 509 2261 Nabdalsa
537 2207 607 2259 nicht
659 2215 722 2260 tune
741 2209 962 2272 osaetoffanaus.“
988 2207 1066 2259 Dabei
1082 2209 1170 2260 istin-

96 2276 176 2328 lreien
194 2275 259 2327 Laul
274 2277 405 2342 gelassen,
433 2275 542 2327 sondern
563 2275 606 2326 ibn
658 2281 749 2341 vitnau,
765 2293 794 2329 so
804 2277 906 2328 absolut
915 2282 1015 2342 gesagt‚
1031 2275 1169 2343 allerdings

98 2343 232 2410 bewbltigt
259 2344 311 2395 nnd
335 2345 360 2393 in
388 2341 442 2395 sich
468 2342 607 2409 zurdclige-
658 2344 864 2411 elgentbiimllclr,
883 2344 948 2396 doch
964 2343 1169 2412 dleErgaluznng

95 2412 214 2480 dringt“.
243 2411 325 2464 Ueber
345 2410 389 2463 das
406 2410 606 2477 Plusquamp.s.
658 2412 748 2470 lelcbt;
775 2413 887 2462 adonem
905 2411 973 2463 steht
997 2412 1075 2463 blters
1093 2413 1168 2463 abso-

658 2480 707 2539 lnt;
726 2479 779 2546 vgl.
798 2479 851 2530 Gal.
870 2479 968 2541 51,t7;
988 2479 1042 2544 lug.
1057 2481 1099 2545 62,
1110 2483 1133 2531 4.

693 2547 800 2597 domum
809 2547 934 2596 dimittit.-
951 2545 1004 2598 dies
1015 2546 1126 2612 geschah
1137 2550 1168 2600 12

659 2613 730 2681 l'age
745 2629 791 2666 vor
804 2614 853 2666 den
863 2613 997 2666 Gomllien.
1015 2613 1077 2667 lllar.
1092 2615 1169 2668 reiste

659 2683 723 2734 zwei
748 2681 819 2749 Tage
843 2680 894 2733 und
918 2682 975 2734 elue
1002 2681 1089 2751 Nacbt·
1109 2699 1168 2736 vom

658 2751 738 2817 Lnger
755 2750 793 2802 bis
803 2750 874 2802 Utica
893 2750 945 2801 und
964 2766 1015 2802 von
1029 2750 1061 2802 da
1075 2751 1102 2802 ln
1115 2751 1169 2804 vier

659 2817 745 2885 'lagen
766 2818 829 2870 nach
847 2818 946 2870 ltalien.

693 2889 716 2939 3.
735 2887 835 2937 colenti
845 2891 934 2937 auimo
949 2889 996 2938 etc.
1031 2885 1168 2938 DieNacb·

658 2954 755 3006 richten
785 2958 806 3005 fi.
824 2953 848 3005 d.
872 2953 1017 3007 Verbaltnls
1039 2954 1167 3006 zwiscben

658 3021 716 3074 lllet.
740 3022 792 3074 und
814 3021 874 3073 Μαι.
899 3037 985 3074 waren
1009 3021 1067 3074 dem
1088 3022 1168 3074 Vollie

658 3091 723 3142 nuob
734 3090 847 3142 Wnnsclr
864 3090 916 3141 und
927 3089 1030 3142 worden
1040 3106 1102 3157 geru
1112 3105 1168 3142 ver-

658 3173 790 3222 nommen,
816 3158 874 3210 well
896 3158 933 3210 sle
956 3158 1005 3210 den
1028 3158 1167 3210 Abslchten

658 3226 839 3347 pnpspraobem
863 3226 904 3277 die
928 3240 986 3277 man
1011 3227 1057 3277 mit
1075 3225 1167 3278 beiden

676 3300 736 3347 ale.

691 3366 715 3416 4.
743 3368 859 3413 ceterum
870 3360 1059 3411 ..moderatas
1082 3360 1166 3428 suppl.

657 3437 735 3492 aaran
754 3431 823 3480 bona
840 3427 967 3478 catenula
984 3443 1015 3478 zu
1031 3429 1166 3480 vemtelaeu

658 3499 707 3551 wle
726 3501 767 3561 85,
779 3499 826 3557 23;
844 3511 894 3546 ma
904 3495 949 3546 aul
955 3495 996 3546 die
1006 3494 1085 3547 durch
1094 3501 1168 3548 atro·

659 3583 713 3683 qapl
728 3564 907 3683 bezem'nectetn
925 3564 1168 3684 {prspnendzpnbe-

659 3649 696 3685 zre
716 3648 760 3694 en,
786 3646 835 3683 wre
872 3646 905 3684 a.
960 3671 966 3696 ‚
1021 3647 1054 3684 un
1089 3647 1165 3692 oer;

657 3701 702 3753 das
718 3700 828 3753 Verbum
842 3700 985 3766 moderari,
1004 3700 1105 3753 absolut
1122 3715 1167 3768 ge·

95 2498 127 2534 zu
146 2482 199 2532 cat.
219 2483 259 2541 24,
274 2482 295 2532 1.

78 2600 80 2606 ,
130 2553 154 2602 2.
174 2549 204 2599 id
222 2549 357 2598 locorum:
375 2562 407 2598 zu
426 2549 467 2610 63,
485 2549 508 2598 6.

130 2623 226 2668 contra
236 2617 315 2666 decus
330 2617 449 2680 reglum:
467 2614 516 2664 wie
532 2616 572 2677 33,
586 2617 606 2666 l.

131 2686 273 2736 tumultum
290 2684 395 2746 faeere:
420 2682 464 2733 nin
483 2681 546 2732 alter
563 2681 607 2732 Επ-

97 2755 182 2807 lildrer
199 2752 315 2805 bemerlit
332 2751 418 2802 bierzu
437 2754 515 2816 quasi
533 2749 607 2800 udes-

94 2828 154 2874 senl
172 2825 219 2888 qui
237 2825 289 2872 uim
305 2824 445 2888 pararant.

130 2890 171 2946 ab.
202 2894 224 2942 l.
254 2890 356 2940 indicio
379 2886 533 2954 patefacto:
566 2887 607 2938 ein

95 2958 230 3012 scheinbar
253 2955 466 3024 pleonastischer,
485 2954 547 3005 aber
571 2954 607 3006 el-

95 3027 208 3093 gentllcb
226 3025 393 3091 abgelidrzter
410 3022 544 3075 bnsdruoli
568 3021 607 3074 liar

95 3112 125 3145 re
142 3111 190 3161 por
208 3093 337 3144 indicium
352 3092 496 3158 patefacta.

130 3166 153 3216 2.
172 3161 348 3227 fatigantem:
367 3175 397 3211 zu
420 3163 491 3223 11,4.

81 3283 83 3286 Α
129 3230 224 3281 simul.
237 3268 243 3280 .
254 3234 346 3280 ratas:
363 3228 403 3279 ein
413 3242 490 3280 neuer
500 3227 606 3294 Beweg-

95 3298 188 3367 grund,
206 3296 249 3350 der
267 3312 298 3348 zu
317 3295 374 3348 dem
386 3296 450 3348 eben
469 3295 604 3362 angeldbr-

95 3371 138 3420 ten
157 3365 339 3418 hinzukomml.
367 3364 411 3415 bre
422 3363 509 3414 Worte
525 3369 552 3414 at
566 3367 606 3413 in-

93 3439 178 3486 vitum
203 3435 229 3485 el
246 3434 377 3497 offensum
400 3432 452 3481 eibi
475 3430 606 3482 enthalten

15 3557 24 3572 g
96 3503 135 3555 ldr
146 3503 201 3556 sich
217 3501 312 3554 wieder
327 3501 368 3552 dle
384 3498 475 3551 beiden
489 3497 605 3563 (desbalb

95 3572 159 3623 eben
178 3571 280 3636 at..et)
301 3568 429 3622 Ursachen
447 3565 492 3618 des
507 3582 606 3633 pamm

95 3639 235 3703 idoneum,
261 3655 311 3691 von
337 3635 418 3690 denen
444 3633 485 3685 die
512 3639 607 3686 erstere

95 3706 349 3775 bedingungaweise,
373 3705 414 3757 dle
439 3703 529 3755 aweite
555 3703 606 3754 lac·
