2602 4358
96 114 210 253 sico
516 163 862 235 csmnusucnrsrr

29 356 32 361 ·
148 339 262 400 iumum
278 339 308 400 in
325 338 429 419 primis
445 345 498 413 est,
518 348 548 401 et
563 338 675 419 proelio
691 345 832 400 strennus
847 347 910 399 erat
924 344 953 398 et
967 335 1064 398 bonus
1079 335 1226 398 consilio:

149 442 277 502 quorum
293 423 417 486 alterum
433 442 469 485 ex
483 423 666 504 providentia
680 423 833 499 timorem,
854 423 979 484 alterum
994 440 1029 482 ex
1044 420 1166 483 audacia
1180 428 1228 484 te·

119 509 313 571 emeritatem
329 509 444 571 adferre
459 509 635 588 plerumque
651 509 736 570 solet
767 508 859 586 Igitur
875 507 1036 587 imperator
1049 506 1148 568 omnis
1162 507 1228 570 iere

149 612 198 656 res
212 612 332 674 asperas
347 612 402 674 per
415 593 587 672 Iugurtham
603 611 700 673 agere,
715 593 746 654 in
758 592 860 654 amicis
874 592 992 666 habere,
1008 591 1101 672 magis
1115 592 1230 672 magis·

150 697 209 757 que
225 697 292 741 eum
308 680 338 740 in
355 679 417 740 dies
431 679 585 759 amplecti,
607 679 720 759 quippe
738 678 824 739 cuius
840 695 939 756 neque
954 676 1110 739 consilinm
1126 696 1229 758 neque

119 776 134 824 r
150 763 302 844 inceptum
317 763 411 825 ullum
432 763 542 825 frustra
557 773 628 826 erat
662 763 729 824 Huc
743 761 900 825 accedebat
914 761 1117 824 munificentia
1132 763 1227 825 animi

152 856 182 909 et
195 848 296 927 ingeni
312 849 457 923 sollertia,
479 849 546 929 quis
561 848 650 910 rebus
672 848 728 909 sibi
746 848 856 909 multos
877 865 912 909 ex
926 846 1068 908 Romanis
1088 846 1228 910 familiari

116 934 278 996 8amicitia
304 934 507 996 coniunxerat.
546 935 588 996 Ea
609 940 782 1014 tempestate
809 933 840 994 in
864 933 995 994 exercitu
1016 939 1120 993 nostro
1141 933 1229 997 fuere

151 1020 321 1099 complures
336 1021 402 1081 novi
418 1027 507 1098 atque
523 1018 653 1093 nobiles,
675 1017 783 1098 quibus
805 1017 920 1079 divitiae
940 1017 1020 1079 bono
1039 1017 1229 1099 honestoque

151 1105 283 1184 potiores
298 1113 397 1178 erant,
421 1103 535 1166 factiosi
550 1103 646 1178 dorni,
667 1111 804 1183 potentes
818 1103 896 1183 apud
911 1102 1023 1176 socios,
1046 1101 1116 1164 clari
1132 1103 1229 1183 magis

152 1208 240 1268 quam
255 1189 388 1264 honesti;
400 1189 451 1269 qui
467 1188 626 1267 Iugurthae
641 1207 703 1250 non
717 1187 897 1249 mediocrem
910 1187 1042 1250 animum
1057 1186 1228 1267 potrieiun·

152 1274 190 1334 do
205 1273 422 1351 accendebant,
444 1275 470 1334 si
484 1273 608 1354 Micipsa
622 1291 675 1335 rex
690 1272 862 1346 occidisset,
883 1274 948 1334 iore
963 1273 1006 1334 nti
1020 1271 1104 1334 solus
1118 1272 1228 1354 imperi

151 1357 305 1421 Numidiae
320 1359 484 1439 potiretur:
506 1359 537 1420 in
559 1359 625 1439 ipso
640 1376 806 1420 maxumam
820 1358 974 1431 virtutem,
995 1357 1106 1419 Romae
1127 1358 1229 1421 omnia

122 1453 137 1504 2
151 1444 264 1506 venalia
275 1463 350 1507 esse.
387 1445 446 1506 Sed
460 1451 618 1524 postquam
632 1443 790 1505 Numantia
805 1443 899 1504 deleta
913 1441 946 1503 P.
962 1442 1064 1523 Scipio
1079 1442 1229 1506 dimittere

152 1529 258 1591 auxilia
274 1539 303 1593 et
323 1530 388 1610 ipse
403 1529 513 1592 revorti
528 1529 648 1590 domum
663 1528 802 1604 decrevit,
817 1528 957 1590 donatum
972 1536 1061 1606 atque
1075 1527 1227 1591 nudatum

151 1615 307 1694 magnifice
322 1632 378 1694 pro
399 1615 539 1677 contione
554 1614 727 1694 Iugurtham
747 1613 779 1674 in
794 1613 975 1694 praetorium
990 1613 1112 1674 abduxit
1125 1613 1228 1695 ibique

152 1709 267 1761 secreto
282 1699 413 1774 monuit,
437 1709 471 1762 ut
484 1701 584 1780 potius
604 1698 724 1779 publice
747 1717 835 1778 quam
850 1698 984 1778 privatim
999 1697 1157 1760 amicitiam
1171 1716 1228 1780 po·

152 1785 216 1864 puli
230 1783 357 1847 Romani
371 1785 483 1846 coleret
497 1803 556 1847 neu
572 1784 681 1863 quibus
695 1783 795 1862 largiri
810 1783 1008 1845 insuesceret:
1028 1783 1199 1864 periculose
1211 1803 1228 1847 a

151 1869 257 1948 paucis
273 1869 330 1930 emi
345 1869 424 1948 quod
439 1869 601 1931 multorum
616 1875 709 1932 esset:
725 1868 752 1930 si
765 1887 940 1949 permanere
954 1868 1041 1930 vellet
1054 1867 1085 1929 in
1100 1868 1167 1930 snie
1180 1887 1229 1931 ar·

153 1953 243 2030 tibus,
258 1953 337 2015 uitro
353 1953 395 2015 illi
410 1961 440 2014 et
450 1954 574 2034 gloriam
585 1964 749 2033 etregnnm
765 1961 938 2028 venturum3
955 1953 1001 2015 sin
1017 1954 1229 2034 properantius

153 2074 234 2122 erster
251 2069 358 2122 Grbsse“
383 2070 435 2122 und
453 2071 595 2137 verqleicbt
612 2071 664 2123 Cio.
718 2069 760 2122 die
769 2068 852 2120 biittel
862 2069 952 2121 iissem
961 2074 1084 2132 moseten,
1103 2070 1231 2123 cuflante

153 2138 180 2189 in
198 2137 268 2190 Verr.
288 2140 312 2202 3,
330 2140 373 2202 tt,
391 2140 424 2190 68
442 2139 546 2190 bomini
562 2142 592 2190 in
608 2142 665 2206 pri-
717 2137 813 2190 wieder
838 2137 967 2204 gianzroll
989 2137 1147 2190 anfzntreten
1175 2136 1230 2190 und

153 2209 204 2256 aab
230 2207 426 2272 inprobissimo.
448 2235 483 2245 —
506 2205 555 2259 Der
578 2206 665 2259 Grund
715 2207 742 2257 in
760 2205 810 2258 den
818 2204 1023 2274 Parteikimpien
1040 2209 1122 2259 etms
1135 2204 1230 2259 durch-

154 2272 199 2325 der
216 2271 412 2341 Schwierigkeit
433 2273 497 2341 liegt
513 2275 549 2326 im
566 2274 665 2342 folgen·
716 2277 845 2326 zusetzen.
880 2272 964 2326 Dutch
980 2278 1101 2340 potentes
1121 2273 1158 2326 isi
1175 2273 1230 2326 bier

154 2339 204 2393 den
222 2357 336 2407 quorum
355 2342 469 2393 altarum
489 2381 495 2394 .
513 2380 521 2395 .
538 2343 613 2396 solet.
716 2340 834 2408 augleich
864 2340 904 2392 ihr
932 2340 1114 2394 anmessendes
1139 2341 1230 2410 cigen-

189 2425 303 2474 quorum
321 2410 494 2462 alterumetc.
511 2410 665 2479 Wegendes
716 2408 858 2476 micbtiges
891 2409 1038 2462 Benebmen
1071 2424 1155 2477 gegen
1187 2409 1231 2463 die

153 2476 287 2530 Gbiasmns
304 2493 336 2529 ιιι
354 2478 407 2530 Get.
426 2481 451 2544 3,
468 2482 493 2533 3.
717 2476 819 2530 Bundes
839 2491 947 2530 enossen
976 2477 1138 2540 bezeichnet,
1174 2492 1231 2530 wo-

189 2546 322 2596 audaeia:
352 2547 407 2599 bier
423 2548 457 2599 im
480 2550 560 2614 guten
578 2546 665 2600 Sinne.
717 2561 801 2614 gegen
818 2492 889 2598 iisse
905 2545 1070 2612 ohnmicbtig
1084 2559 1184 2599 waren.

154 2612 218 2665 Zmn
230 2613 368 2668 Gedanken
387 2616 440 2683 vgl.
450 2614 535 2668 Tbnk.
546 2619 571 2682 2,
580 2618 664 2682 40,ae
751 2613 926 2666 mediocrem:
943 2629 975 2666 nn
985 2617 1010 2679 6,
1020 2616 1044 2667 3.
1076 2612 1231 2668 liiebitotcs

154 2679 348 2751 διαφερόντως
371 2681 404 2746 δὴ
422 2681 468 2734 καὶ
486 2679 551 2736 τόδε
567 2681 666 2752 ἔχομεν
716 2699 749 2735 an
765 2682 899 2734 beacbten.

155 2741 228 2803 ὥστε
245 2750 351 2818 τολμᾶν
368 2768 398 2804 τε
416 2747 444 2802 οἱ
455 2745 536 2803 αὐτοὶ
544 2751 666 2820 μάλιστα
752 2753 777 2803 2.
790 2751 916 2816 publice.-
933 2747 1232 2803 DurchVerdicnsteum

155 2815 201 2868 καὶ
218 2817 280 2886 περὶ
298 2803 340 2869 ὧν
356 2816 578 2903 ἐπιχειρήσωμεν
594 2816 666 2871 ixio-
718 2817 767 2870 den
777 2820 840 2870 rom.
850 2818 937 2880 διιεῖ,
955 2817 1047 2870 durans
1064 2817 1149 2884 ergibt
1165 2817 1233 2884 siclt,

156 2883 303 2952 γίζεσθαιδ
320 2890 379 2942 τοῖς
390 2886 483 2943 clines*
496 2883 606 2954 ἀμαθία
637 2885 667 2939 ἐν
717 2900 772 2938 was
789 2889 916 2951 parvaene
934 2885 1062 2938 bedente&

155 2950 271 3020 θράσος,
289 2953 422 3022 λογισμὸς
439 2951 469 3005 di
487 2950 601 3023 ὄκνονφ
617 2972 667 3022 ρει.
751 2954 914 3005 multorum:
927 2953 1038 3006 ndmiich
1045 2952 1092 3006 des
1100 2967 1232 3021 genum·

191 3024 215 3072 7.
243 3026 318 3087 quir:
345 3021 425 3073 iltere
447 3021 601 3074 Nebenform
628 3023 668 3074 itu
717 3024 762 3073 ten
778 3019 883 3074 Volkes.

157 3091 269 3155 quibus,
287 3089 362 3142 Dativ
379 3105 404 3140 u.
422 3089 534 3154 dolatu,
551 3105 575 3142 z.
585 3089 614 3142 B.
626 3093 666 3156 13,
751 3092 944 3155 properantius
950 3094 1091 3157 pergeret:
1105 3088 1157 3142 iier
1164 3090 1233 3144 dus·

156 3159 183 3209 6.
196 3159 339 3222 14,1o.25‚
352 3157 667 3225 liu.d.im1ug.‚nicbt
717 3155 797 3208 druck
814 3156 883 3209 steht
904 3158 938 3209 im
956 3157 1099 3225 Geqensotz
1116 3173 1151 3210 zu
1165 3174 1233 3226 per·-

157 3223 264 3290 imGat.,
282 3226 343 3277 aber
359 3223 425 3278 auch
443 3224 500 3278 dori
517 3229 589 3278 sonst
607 3228 666 3291 qui·
717 3240 826 3275 mnam
837 3225 915 3276 vellet
932 3228 961 3276 in
979 3225 1168 3290 ucis(nfirnlicb
1186 3228 1233 3279 bo·

159 3293 207 3343 bue
224 3296 302 3345 reduc
321 3297 345 3360 6,
363 3296 386 3346 2.
406 3295 448 3359 82,
466 3296 489 3346 2.
717 3293 883 3357 triporticus
901 3293 953 3345 und
970 3293 1005 3346 ist
1021 3293 1139 3360 zugleich
1149 3293 1234 3347 durch

192 3361 220 3416 8.
238 3365 261 3414 1.
279 3365 358 3413 novi:
381 3362 449 3413 ohne
467 3363 585 3412 dominos
602 3360 667 3413 auch
716 3360 809 3411 uitro
832 3367 974 3413 venturum
997 3361 1153 3426 vermiculi,
1174 3378 1233 3415 vo·

146 3431 200 3490 63,
219 3432 246 3490 7;
266 3433 307 3495 65,
326 3433 350 3483 5.
716 3426 797 3480 durch
814 3428 860 3481 des
881 3429 1087 3496 ungeeucbte
1103 3429 1234 3485 Kommen

191 3496 302 3559 factiosi
318 3502 367 3552 etc.
402 3496 451 3549 lios
468 3493 530 3548 Feld
547 3493 593 3547 der
609 3493 667 3556 sac·
716 3495 867 3550 bezeichnet
884 3497 957 3550 vird.
991 3496 1063 3550 Benn
1085 3497 1129 3550 bei
1145 3498 1235 3553 ciuem

159 3568 243 3617 donee
270 3567 334 3634 (egl.
356 3562 548 3632 heuptsichlicb
574 3565 615 3627 et,
635 3566 666 3617 tt
716 3568 885 3632 unqestdmen
903 3582 929 3618 u.
947 3564 1152 3619 rdcksicbtloscn
1166 3566 1235 3621 Vor-

157 3633 209 3685 und
222 3637 260 3698 15,
281 3634 332 3687 und
340 3648 372 3685 zu
381 3636 423 3696 41,
433 3634 459 3697 6)
473 3645 526 3682 war
543 3629 667 3684 rnntehrt
717 3632 923 3687 wortssebreiten
941 3639 1065 3700 mdesten,
1082 3649 1127 3687 nm
1144 3634 1236 3689 Rubm

156 3701 221 3753 Rom
239 3703 328 3768 selbst,
344 3700 398 3753 ihre
407 3699 492 3751 biacht
510 3697 570 3751 eber
587 3698 666 3753 dbten
716 3698 1066 3770 undurcntznenwingeq
1082 3702 1136 3756 iusi
1153 3703 1236 3757 notb-

155 3768 197 3821 die
224 3771 380 3823 rornebmen
404 3767 496 3819 Rdmer
517 3768 595 3819 rond
615 3765 664 3819 lich
715 3766 819 3835 wendig
836 3768 965 3822 sebieehte
974 3770 1169 3838 witelmus
1186 3788 1235 3826 ar·

155 3836 181 3888 in
205 3837 254 3895 den
272 3837 413 3892 Prorinzen
438 3848 498 3899 eus,
522 3832 563 3887 die
587 3781 664 3889 lineo
717 3835 1236 3907 teriindnwendunggebncbtwerden.
