2602 4358
146 152 187 214 22
511 155 538 207 G.
556 151 712 206 santusm
730 151 833 207 GRlSPl

146 329 282 410 publicae
297 327 517 402 consultabant3
540 327 567 387 ei
581 326 626 387 vel
640 335 734 388 aetate
749 325 794 387 vel
809 344 897 388 curae
912 326 1105 389 similitudine
1119 335 1220 406 patres

116 422 130 470 'l
146 414 378 496 appellabantur.
406 411 494 486 Post,
510 411 561 473 uhi
576 412 690 490 regium
706 411 878 491 imperium,
901 411 981 490 quod
995 411 1081 473 initio
1096 430 1219 477 conser-

146 500 256 562 vandae
270 499 413 561 libertatis
430 508 519 576 atque
539 497 691 576 augendae
711 496 755 557 rei
778 496 913 576 publicae
928 498 1038 569 iuerat,
1060 497 1091 558 in
1112 514 1220 578 super·

145 585 223 646 biam
238 584 527 661 dominationemque
542 601 574 643 se
590 581 750 655 convertit,
773 582 925 643 immutato
947 600 1031 643 more
1049 600 1147 643 annua
1162 584 1220 644 im·

146 670 227 749 peria
243 669 389 748 binosque
404 669 596 748 imperatores
610 666 667 728 sihi
680 666 794 728 iecere:
818 685 853 727 eo
874 667 961 727 modo
984 666 1116 728 minume
1130 686 1220 747 pesae

114 755 129 809 7
147 754 290 834 putabant
307 772 362 834 per
381 753 530 814 licentiam
551 752 730 813 insolescere
750 751 883 813 animum
901 752 1074 813 humanum.
1105 751 1163 814 Sed
1185 772 1220 815 ea

146 848 320 920 tempestate
351 856 476 918 coepere
502 856 534 898 se
560 838 686 917 quisque
711 836 804 915 magis
829 836 969 898 extollere
993 837 1147 917 magisque
1172 838 1222 900 in·

117 926 267 1003 ngenium
282 925 314 984 in
329 932 470 1003 promptu
489 921 608 984 habere.
637 921 710 984 llam
730 921 851 999 regibus
871 922 944 982 boni
967 939 1055 1002 quam
1075 921 1144 983 mali
1167 942 1221 984 su·

117 1015 131 1065 3
146 1009 309 1089 spectiores
323 1017 402 1082 sunt,
419 1024 596 1087 semperque
606 1007 650 1068 eis
664 1006 758 1067 aliena
770 1007 863 1068 virtus
873 1006 1064 1068 formidulosa
1075 1016 1129 1069 est.
1160 1007 1222 1070 Sed

146 1092 433 1155 civitas⁹incredibile
448 1102 611 1154 memoratu
627 1100 672 1153 est
693 1091 796 1171 adepta
817 1091 952 1153 libertate
972 1101 1117 1170 quantum
1137 1091 1221 1154 brevi

116 1178 286 1240 tcreverit:
302 1187 382 1240 tanta
397 1178 505 1257 cupido
521 1177 631 1255 gloriae
646 1177 815 1238 incesserat.
851 1175 912 1237 lam
927 1175 1055 1256 primum
1071 1176 1222 1253 iuventus,

146 1263 282 1324 simulac
297 1263 366 1324 belli
380 1264 496 1344 patiens
511 1271 588 1338 erat,
611 1263 642 1322 in
657 1261 761 1323 castris
776 1280 831 1344 per
844 1261 975 1323 laborem
997 1280 1084 1324 usum
1098 1261 1223 1324 militiae

147 1349 286 1424 discebat,
302 1348 455 1428 magisque
470 1348 500 1408 in
518 1347 633 1408 decoris
647 1346 737 1408 nmis
751 1358 782 1407 et
795 1346 970 1408 militaribus
985 1347 1070 1426 equis
1082 1365 1172 1426 quam
1187 1347 1221 1408 in

116 1441 131 1489 5
147 1433 253 1495 scortis
267 1441 356 1512 atque
376 1432 517 1494 conviviis
537 1431 700 1493 lubidinem
721 1428 876 1492 habebant.
906 1431 1000 1510 Igitur
1019 1430 1128 1493 talibus
1149 1433 1221 1494 viris

146 1537 209 1579 non
224 1517 307 1578 labor
321 1518 474 1590 insolitus,
495 1537 555 1578 non
571 1517 656 1578 locus
671 1515 749 1577 ullus
764 1534 852 1596 asper
866 1528 916 1577 ant
930 1517 1040 1578 arduus
1056 1526 1133 1590 erat,
1157 1536 1221 1578 non

115 1609 274 1665 oarmatus
285 1604 379 1664 hostis
388 1603 616 1664 formidolosus:
628 1603 720 1663 virtus
732 1602 831 1663 omnia
846 1601 1008 1663 domuerat.
1038 1601 1096 1663 Sed
1108 1602 1222 1680 gloriae

144 1706 314 1749 maxumum
322 1698 469 1749 certamen
479 1688 559 1749 inter
567 1687 648 1766 ipsos
659 1695 736 1748 erat:
749 1705 781 1748 se
789 1686 1142 1766 quisquehostemlerire,
1153 1705 1221 1748 mu·

145 1791 211 1833 rum
222 1773 411 1849 adscendere,
423 1772 567 1852 conspici,
579 1772 648 1833 dum
655 1771 712 1833 tale
718 1770 832 1832 lacinus
839 1772 958 1847 iaceret,
966 1771 1142 1852 properabat
1147 1790 1156 1848 ;
1170 1790 1222 1833 eas

146 1857 269 1934 divitias,
281 1875 345 1918 eam
356 1857 576 1918 bonomiamam
588 1874 784 1936 magnamque
792 1855 974 1917 nobilitatem
982 1855 1139 1936 putaban13
1154 1856 1221 1918 lan·

120 1975 123 1980 ¹
146 1989 243 2050 „durch
262 1988 409 2056 Berathung
427 1995 546 2057 surgem‘,
564 1990 614 2042 wie
633 1991 657 2052 3,
708 2003 754 2054 ger
775 1988 873 2040 Athens
897 1987 962 2039 nach
986 1988 1032 2040 der
1049 1989 1220 2057 Vertreibung

148 2061 159 2109 l
180 2057 222 2110 bei
240 2060 304 2108 bene
321 2057 419 2119 facere.
709 2055 753 2108 der
770 2054 970 2108 Peisistratiden.

180 2131 267 2176 aetate
291 2155 326 2164 -
348 2125 539 2178 similitudine.-
582 2125 657 2176 Abla·
743 2128 922 2191 inpromptu:
936 2123 1075 2177 imVorder
1093 2123 1221 2177 rnndund

144 2193 191 2244 tivi
215 2208 321 2258 causae,
350 2209 411 2260 genn
433 2210 463 2247 so
487 2208 538 2246 von
561 2193 658 2246 Sallust
708 2207 753 2243 zur
770 2190 852 2255 Hand,
866 2208 896 2244 so
914 2191 973 2244 dass
991 2140 1222 2312 seine'ihitiplreit

145 2260 295 2327 gebraucht.
329 2261 450 2328 anleieh
469 2261 503 2313 iat
520 2261 561 2313 die
575 2260 657 2314 litirze
707 2259 1142 2328 sichtbarwurdeundzurGeltung
1170 2275 1221 2314 am.

145 2328 171 2379 in
194 2327 252 2379 dem
270 2329 378 2382 aweiten
401 2328 535 2382 Ausdrnclr
561 2345 593 2382 au
614 2330 658 2381 be·
743 2330 767 2381 3.
784 2331 942 2380 incesserat:
961 2328 1007 2381 das
1020 2328 1111 2394 object
1128 2343 1222 2396 ausge-

148 2395 249 2448 achten.
707 2397 802 2462 lescen,
811 2397 860 2448 wie
873 2396 985 2462 tuobei
994 2396 1222 2460 invaritudlter.

180 2468 205 2516 7.
224 2465 423 2515 comervandae
451 2466 598 2516 libertatis:
623 2465 658 2517 ist
742 2469 766 2518 4.
784 2464 866 2515 simul
884 2481 931 2515 ao:
949 2480 996 2516 nur
1014 2464 1069 2517 hier
1086 2464 1128 2517 bei
1142 2463 1220 2525 Satt.;

146 2531 234 2584 Genet.
245 2532 382 2599 qualitatis,
402 2532 453 2585 nod
469 2551 523 2585 ease
541 2533 657 2584 alicuius
708 2539 782 2584 sonat
799 2534 847 2584 uli
861 2536 988 2599 priorum.

145 2604 187 2652 rai
204 2600 362 2663 efficiendae
379 2600 460 2654 heisst
472 2617 540 2664 „von
549 2600 594 2652 der
602 2601 656 2663 Art,
743 2616 836 2652 usum.-
862 2599 998 2664 „Pranis“‚
1016 2598 1061 2652 der
1077 2597 1220 2666 Gegensatz

145 2684 174 2720 so
197 2667 344 2721 beschallen
368 2669 436 2734 sein,
460 2669 520 2722 dass
544 2668 657 2721 dadurch
708 2668 743 2719 ist
758 2675 903 2735 praecepta
923 2666 1075 2730 „Theorie“;
1093 2667 1147 2786 apl.
1162 2668 1220 2734 lug.

146 2742 228 2788 etwas
246 2736 451 2788 bewirlttwird.“
480 2738 530 2789 Ft'tr
545 2736 586 2789 die
604 2737 657 2788 ein·
709 2738 751 2801 85,
765 2735 828 2796 tort
847 2735 985 2788 besondera
1003 2738 1101 2801 quaet·
1127 2736 1221 2787 'litte-

145 2804 235 2856 zelnen
259 2804 328 2856 Fille
351 2805 461 2870 engeben
485 2805 541 2856 sich
565 2804 657 2857 durans
709 2807 755 2866 ria,
774 2820 805 2855 aa
824 2820 873 2868 ego
891 2804 1033 2855 militando
1052 2803 1143 2855 didiae

145 2871 327 2924 verschiedene
338 2871 656 2939 Uebersetzungsiormen;
743 2874 767 2923 5.
785 2874 872 2922 virtue
889 2877 947 2936 etc,
965 2870 1019 2940 vgl.
1037 2873 1061 2938 2,
1075 2872 1105 2924 l':
1123 2874 1222 2925 virtut·

145 2939 197 3006 egl.
213 2942 256 3003 to,
272 2942 299 2999 23
317 2939 371 3005 lug.
388 2943 430 3005 88,
445 2944 475 3000 t;
496 2939 537 2993 Or.
553 2940 613 3008 Lep.
628 2944 657 3002 ὃς
709 2943 800 2991 omnia
815 2946 922 3006 parent.

146 3006 188 3058 0r.
206 3006 272 3057 Phil.
291 3011 320 3067 3;
340 3010 370 3072 ὃς
391 3011 432 3060 10.
743 3009 768 3059 6.
786 3024 814 3057 ae
832 3011 943 3074 quiaque
960 3045 968 3060 .
987 3044 1020 3060 ..
1057 3009 1221 3074 repet-alat.-

183 3077 371 3140 a‘mperatorea:
389 3075 429 3126 ilar
446 3074 578 3128 officieller
589 3074 657 3128 Titel
708 3074 754 3128 der
770 3075 831 3126 dcc.
848 3091 870 3127 c.
888 3075 934 3128 lui.
956 3091 1002 3128 zur
1041 3075 1222 3145 ervorhebnng

148 3142 474 3208 waranlangspraetorea,
492 3143 542 3196 wie
557 3159 585 3196 er
595 3160 617 3197 n.
627 3142 656 3195 B.
708 3143 753 3195 des
768 3142 901 3207 Snbjeots;
921 3149 995 3197 const
1012 3143 1054 3196 bei
1070 3161 1222 3211 properare

148 3211 175 3261 in
192 3209 395 3262 deullll'l'afeln
409 3210 524 3275 veritam,
541 3211 656 3264 daneben
707 3210 915 3278 ungewdhnlich.
955 3211 1011 3279 Vgl.
1034 3211 1080 3264 das
1105 3228 1139 3264 zu
1164 3216 1220 3278 l‚l

145 3277 205 3328 kam
223 3277 303 3329 sehon
321 3278 380 3331 truh
397 3279 442 3331 der
459 3279 657 3349 dieVerdoppe-
707 3279 770 3331 tiber
787 3279 894 3329 studere
912 3278 1031 3347 Gesagte.

145 3346 209 3412 long
227 3345 280 3397 und
297 3345 339 3399 die
348 3347 550 3415 Gleichetellung
567 3348 593 3399 in
611 3348 657 3399 der
743 3347 832 3398 laudis
850 3346 925 3398 avidi
941 3354 1001 3414 etc,
1018 3347 1071 3415 agl
1087 3345 1220 3403 Demostlu

145 3413 244 3466 Gewalt
273 3415 551 3469 veranschaulichende
577 3415 657 3467 Name
707 3417 804 3480 tant:
822 3410 891 3480 πρὸς
901 3412 954 3484 μὲν
982 3412 1221 3486 ρημᾶτωνκιῆσιν

146 3482 277 3561 σονιειιίειεΙ
295 3483 352 3550 aul,
379 3484 491 3537 welcher
516 3501 539 3538 z.
561 3483 589 3536 B.
613 3483 659 3535 aul
708 3477 884 3537 οὐδεπώποτε
908 3480 922 3534 ὂ
947 3433 1034 3564 dipipoc
1056 3479 1221 3548 ἐσπούδασε,

146 3549 334 3602 Grabsclrnlten
360 3552 440 3604 schon
463 3553 498 3604 im
520 3557 545 3606 5.
568 3550 655 3604 Jahrb.
706 3549 775 3618 πρὸς
798 3549 829 3604 δὲ
854 3548 933 3614 δόξης
950 3569 987 3608 ως
1011 3544 1075 3604 οὐδὲ
1092 3549 1162 3621 πρὸς
1189 3549 1221 3607 ἓν

146 3618 280 3671 erecheint.
706 3621 763 3671 τῶν
787 3614 884 3671 ἄλλων.
923 3615 1071 3687 τεκμήριον
1088 3617 1133 3672 δέ·
1147 3617 1221 3692 χρή-

180 3685 205 3740 i.
234 3689 256 3739 1.
280 3703 308 3736 aa
327 3725 333 3738 .
354 3725 360 3738 .
378 3688 523 3739 extollere:
554 3685 656 3738 ihnlich
705 3704 781 3754 ματα
804 3685 857 3757 μὲν
878 3685 932 3771 prio
955 3686 1069 3740 πλεῖστα
1091 3689 1148 3738 τῶν
1162 3685 1221 3741 Ἐλ-

146 3752 242 3819 apricht
259 3753 351 3807 Herod.
365 3757 431 3819 5,78
449 3770 501 3806 von
518 3753 577 3806 dem
594 3754 655 3806 Aul·
705 3752 797 3817 λήνων
820 3773 888 3808 ποτε
913 3771 931 3806 o
950 3754 989 3806 ὠν
1014 3750 1121 3807 ἅπανθ’
1149 3752 1222 3844 ὑπὲρ

146 3820 271 3889 schwung
288 3821 333 3876 des
342 3821 529 3891 Setbstgetnhts
538 3821 583 3876 der
592 3821 667 3876 une·
706 3822 867 3894 φιλοτιμίας
875 3818 1024 3889 ἀνηλωσεν,
1036 3819 1177 3896 εἰσφέρων
1189 3825 1207 3879 d
