2602 4358
154 172 216 235 208
524 176 550 228 G.
568 172 722 227 sallusti
738 172 842 226 pulset

156 351 308 429 placuere;
332 348 417 429 pauci
433 347 563 408 ferocius
578 347 760 420 decernunt,
783 344 896 407 scilicet
917 344 1011 425 ignari
1028 344 1229 407 humanarum

127 445 143 494 3
157 452 267 507 rerum,
284 452 358 513 quae
373 434 468 493 llurae
484 442 513 493 et
527 432 651 493 mobiles
666 449 785 511 semper
799 432 830 491 in
846 431 967 491 advorsa
982 438 1143 491 mutantur.
1172 430 1230 493 Ce-

156 531 251 581 terum
267 518 360 579 llauri
384 517 547 597 impetratis
562 516 700 577 omnibus
721 526 781 577 tres
796 516 918 577 Romam
940 516 1066 595 prolecti
1086 533 1156 577 eum
1172 516 1229 578 Cn.

157 604 276 664 Octavio
291 604 421 676 Rusone,
437 603 489 681 qui
504 612 643 682 quaestor
657 601 838 682 stipendium
854 602 884 662 in
902 602 1028 662 ltlricam
1044 610 1229 679 portaverat;

155 690 213 750 duo
228 688 264 748 od
280 706 379 767 regem
395 688 529 749 redeunt.
554 688 597 748 Ex
612 687 655 747 eia
665 687 802 748 Bocchus
817 705 885 748 curu
900 696 998 747 cetera
1014 694 1075 746 tum
1091 704 1231 749 maxume

125 774 365 851 lbeniguilatem
387 782 416 834 et
437 772 567 833 studium
583 772 681 833 Sullae
702 772 810 833 lubens
831 772 953 852 accepit.
991 771 1101 833 Romae
1123 773 1231 851 legatia

155 859 228 934 eius,
245 868 399 937 postquam
416 874 529 919 errasse
544 874 644 935 regem
659 866 688 917 et
698 856 856 936 lugurthae
870 856 982 918 scelere
992 856 1108 936 lapsum
1119 858 1230 938 depre-

156 945 211 1007 cati
224 952 304 1019 suut,
320 943 476 1004 amicitiam
492 952 521 1003 et
536 942 640 1003 loedus
653 942 824 1021 petentibus
837 942 896 1003 lroc
910 942 999 1003 modo
1011 942 1228 1022 respondetur:

125 1040 140 1088 5
239 1029 387 1105 ,Senatus
409 1038 439 1089 et
453 1028 583 1107 populus
598 1026 749 1088 llomanua
770 1027 893 1089 benefici
915 1038 946 1089 et
965 1028 1091 1089 iniuriae
1112 1046 1230 1090 memor

155 1132 220 1175 esse
235 1114 318 1175 solet.
358 1113 494 1174 Ceterum
510 1112 644 1187 Boccho,
666 1113 806 1192 quoniam
822 1112 966 1192 paenitet,
989 1112 1087 1175 delicti
1102 1114 1229 1193 gratiam

156 1200 240 1273 laoit;
256 1199 360 1259 loedus
374 1208 405 1259 et
418 1198 544 1259 amicitia
559 1197 718 1272 dabuntur,
734 1214 801 1258 cum
817 1198 988 1259 meruerit.“

103 1286 157 1342 105
242 1284 357 1355 Quibus
372 1284 461 1345 rebus
475 1283 603 1363 cognitis
612 1283 750 1344 Bocchus
760 1300 814 1362 per
824 1282 935 1343 litteras
946 1302 962 1344 a
974 1283 1065 1345 llario
1076 1284 1230 1364 petiverat,

156 1368 199 1429 uti
215 1368 325 1429 Sullam
342 1370 377 1430 ad
393 1386 426 1429 se
440 1369 577 1445 mitteret,
601 1369 687 1430 cuius
701 1367 843 1429 arbitratu
859 1369 896 1428 de
910 1368 1118 1431 communibus
1134 1388 1230 1449 nego·

126 1462 140 1510 a
156 1453 204 1515 tiis
219 1454 435 1517 consuleretur.
472 1454 624 1515 lamissus
639 1472 707 1514 cum
723 1453 869 1533 praesidio
891 1454 1024 1533 equitum
1039 1462 1129 1534 atque
1143 1454 1230 1537 pedi-

158 1548 230 1613 tum,
246 1539 315 1600 item
331 1538 517 1600 funditorum
533 1540 713 1613 Balearium3
734 1550 885 1618 praeterea
900 1539 960 1600 iere
975 1540 1116 1619 sagittarii
1132 1548 1162 1602 et
1176 1558 1230 1603 co·

156 1624 227 1684 hors
242 1624 380 1703 Paeligna
403 1643 470 1685 cum
485 1624 655 1686 velitaribus
675 1624 780 1699 armis,
803 1624 918 1686 itineris
933 1626 1112 1704 properandi
1128 1644 1229 1701 cansa,

157 1726 255 1788 neque
271 1709 316 1769 his
331 1726 418 1770 secus
433 1718 521 1788 atque
536 1710 601 1771 aliis
624 1709 714 1770 armis
734 1709 877 1771 advorsus
899 1710 955 1771 tela
977 1710 1125 1786 hostium,
1148 1712 1229 1791 quod

124 1800 188 1854 cea
203 1793 276 1854 levia
291 1802 379 1866 sunt,
400 1795 516 1855 muniti.
554 1795 610 1856 Sed
626 1796 657 1855 in
674 1794 779 1856 itinere
795 1794 901 1872 quinto
916 1795 1045 1874 denique
1060 1796 1107 1858 die
1123 1795 1228 1875 Volux,

155 1878 233 1939 tllius
248 1878 373 1949 Bocchi,
396 1890 518 1960 repente
533 1880 564 1941 in
580 1881 692 1959 campis
706 1879 876 1959 patentibus
890 1898 958 1941 cum
980 1881 1060 1942 mille
1082 1900 1144 1942 uon
1164 1900 1228 1945 am·

157 1963 235 2042 plius
250 1964 400 2043 equitibus
414 1982 480 2026 sese
494 1965 638 2039 ostendit,
663 1965 714 2044 qui
729 1974 840 2025 temere
855 1974 885 2026 et
899 1966 991 2027 elluse
1007 1974 1113 2028 euntes
1128 1967 1229 2030 Sullae

155 2048 278 2127 aliisque
294 2049 432 2112 omuibus
447 2060 475 2112 et
490 2068 649 2112 numerum
664 2050 837 2131 ampliorem
848 2069 916 2112 vero
927 2062 956 2113 et
967 2052 1103 2114 hostilem
1114 2062 1228 2117 metum

124 2143 140 2192 4
155 2133 330 2197 efficiebant.
352 2135 446 2214 lgitur
460 2155 492 2197 se
508 2137 634 2214 quisque
649 2134 797 2215 expedire,
813 2153 892 2196 arma
908 2144 996 2216 atque
1011 2137 1067 2198 tela
1082 2146 1228 2218 temptare

154 2218 322 2281 intendere:
346 2220 434 2281 timor
449 2221 624 2299 aliquantus,
640 2221 691 2281 sed
706 2238 775 2301 spes
790 2218 923 2301 amplior,
940 2221 1051 2303 quippe
1065 2222 1229 2287 victoribus

125 2315 141 2363 a
157 2310 186 2363 et
199 2304 341 2365 advorsus
356 2323 424 2383 eos,
449 2322 524 2385 quos
546 2323 633 2385 saepe
648 2305 787 2367 vicerant.
825 2304 946 2367 Interim
961 2308 1075 2387 equites
1091 2309 1228 2389 explora·

154 2417 339 2470 Zwisclreuzeil
358 2422 410 2487 rgl.
424 2420 485 2473 Tac.
499 2422 562 2475 illst.
583 2426 605 2487 l,
617 2425 662 2475 51:
715 2436 834 2473 uommen
852 2434 947 2473 waren.

154 2490 241 2551 igitur
248 2486 380 2552 Sequania
386 2489 536 2556 Aeduisque
545 2507 578 2541 ae
590 2490 663 2541 dein·
748 2488 849 2549 fundit.
860 2489 1031 2541 Balentium:
1050 2491 1094 2544 ute
1106 2492 1229 2547 munol-

154 2556 186 2605 de
196 2594 202 2606 .
212 2593 218 2608 .
229 2593 235 2605 .
246 2556 346 2618 infensa*
363 2558 415 2609 uad
432 2559 478 2611 dua
496 2574 527 2611 aa
545 2560 600 2613 (lat.
613 2562 663 2621 ΒΑ
714 2572 760 2609 uer
776 2556 822 2610 der
839 2557 1013 2611 baleariaclren
1035 2559 1117 2612 luaeln
1141 2576 1230 2615 waren

156 2623 280 2690 Gesagle¹
715 2626 753 2678 ala
786 2626 957 2679 vortrellliche
982 2627 1149 2682 Sclrleuderer
1184 2632 1229 2684 be·

188 2696 245 2757 ign.
263 2694 371 2744 duram.
390 2708 496 2745 remm:
514 2710 545 2746 cu
564 2697 640 2760 38,9.
716 2693 804 2746 kannt.

190 2764 213 2813 3.
232 2760 338 2811 oraora·
357 2761 406 2813 Das
420 2761 515 2815 diesem
525 2763 666 2815 Gesammt·
750 2762 906 2813 velitaribus
924 2767 1023 2815 armis:
1043 2762 1069 2816 d.
1086 2764 1104 2815 i.
1121 2764 1230 2818 eolchen

154 2828 417 2892 suuj.zulrommende
429 2830 462 2879 all
482 2830 664 2883 emeiuel’rae-
716 2830 824 2895 Walleu,
842 2831 891 2883 wie
909 2831 946 2884 sie
963 2832 1004 2883 dle
1022 2833 1113 2883 velites
1125 2838 1166 2885 tru
1186 2848 1228 2899 en,

155 2896 224 2946 dicat
240 2895 276 2947 ist
293 2910 339 2947 aua
357 2896 406 2947 deu
419 2846 509 2949 helffen
527 2898 665 2964 folgenden
717 2899 828 2951 niamlich
860 2898 971 2952 kleiuem
1006 2900 1104 2952 rundeu
1138 2898 1174 2953 Sc
1202 2902 1230 2955 ld

155 2962 287 3014 einzelnen
308 2962 426 3028 profecti
448 2965 530 3028 (sunt)
553 2965 605 3016 uud
624 2984 664 3017 rc·
716 2966 832 3032 (parma)
853 2983 904 3019 von
924 2972 938 3021 3
956 2969 1021 3021 luae
1037 2966 1230 3035 Ilurclrmesser,

156 3031 245 3095 deant,
264 3030 342 3081 leiclrt
359 3046 390 3082 au
408 3032 569 3084 eutuelmien.
716 3033 844 3086 lederuem
871 3035 944 3088 llelm
970 3036 1087 3102 (glodoo)
1122 3036 1231 3091 lcumena

189 3102 214 3151 4.
227 3100 364 3163 deprecati
372 3104 493 3149 cunt.·=
502 3100 665 3167 dopreeondi
716 3102 868 3168 spanisclreu
883 3102 1000 3157 Schwert
1016 3074 1100 3169 (glad.
1111 3106 1230 3171 impoti.)

156 3182 237 3218 coeno
255 3167 357 3219 discere.
716 3170 768 3221 und
795 3170 865 3223 einer
890 3172 988 3224 Anzahl
1012 3172 1119 3225 leielrter
1144 3174 1230 3227 Warl-

189 3233 250 3289 105.
272 3238 293 3286 l.
308 3236 457 3286 arteriam:
470 3233 665 3288 bezeichneldie
716 3239 814 3307 spiesse
831 3241 935 3304 (lastae
953 3241 1096 3305 velitares).

155 3302 311 3368 nubemugte
326 3302 469 3355 Vollmecht
484 3320 515 3356 au
529 3303 666 3356 nuterhau-
749 3309 1085 3426 negueelcuiderlegtdeu
1094 3309 1231 3378 Eiuweud,

156 3371 215 3424 deln
241 3371 293 3422 und
319 3372 386 3424 ohne
413 3386 493 3425 curor
520 3372 665 3440 etngeholte
716 3374 776 3427 dass
802 3374 854 3427 lese
869 3376 1142 3445 leichleBewallnung
1157 3379 1231 3433 ulclrt

155 3439 348 3508 Genehmiguug
382 3440 427 3494 des
460 3441 554 3493 Marius
588 3440 664 3493 abzu-
716 3444 1231 3510 sogutwieandreWallenaumSehutae

155 3508 303 3561 schllessen.
716 3511 806 3565 dienen
824 3511 928 3567 kouule.

191 3580 215 3629 2.
232 3577 367 3643 peditum:
386 3577 508 3629 llarunler
525 3576 582 3628 sind
600 3579 663 3630 reim.
751 3583 774 3633 3.
793 3581 985 3649 deniqumgl.
998 3585 1054 3644 tol,
1066 3584 1089 3635 1.
1116 3582 1231 3637 aarum

157 3644 277 3697 Soldateu
295 3662 327 3698 zu
345 3646 494 3710 veratelreu,
518 3645 579 3697 aber
596 3645 665 3698 wohl
716 3648 813 3700 lurilteu
832 3648 903 3716 Tage
922 3649 1034 3717 gesolruh
1051 3649 1153 3704 kelnA
1203 3653 1210 3665 “

157 3728 204 3764 nur
221 3713 469 3778 Leiclrtbewalluete,
487 3713 536 3765 wie
553 3714 595 3767 dle
606 3714 665 3766 rol·
717 3716 778 3768 oder
785 3718 1174 3773 sonatetwasrlusaerordenlllc
1192 3736 1230 3782 em

157 3781 270 3847 genden,
298 3781 395 3834 welche
422 3781 589 3835 rermuthlich
615 3782 665 3835 alle
717 3790 769 3836 erst
792 3785 824 3836 da
846 3786 962 3839 erachieu
988 3790 1146 3841 uuerwartet
1172 3789 1232 3842 eine

156 3847 205 3900 den
239 3848 578 3919 Bundeagenoesentmppeu
611 3854 666 3903 eut·
717 3850 818 3919 Selium,
836 3852 877 3906 die
894 3870 952 3907 man
971 3855 1011 3909 liar
1028 3855 1121 3909 Feiudc
1140 3856 1214 3912 hiell.
