<?xml version="1.0" encoding="UTF-8"?>
<!DOCTYPE html PUBLIC "-//W3C//DTD XHTML 1.0 Transitional//EN"
    "http://www.w3.org/TR/xhtml1/DTD/xhtml1-transitional.dtd">
<html xmlns="http://www.w3.org/1999/xhtml" xml:lang="en" lang="en">
 <head>
  <title>
</title>
<meta http-equiv="Content-Type" content="text/html;charset=utf-8" />
  <meta name='ocr-system' content='tesseract 3.04.00' />
  <meta name='ocr-capabilities' content='ocr_page ocr_carea ocr_par ocr_line ocrx_word'/>
</head>
<body>
  <div class='ocr_page' id='page_1' title='image "./deconiurationec01sallgoog_0204.png"; bbox 0 0 2602 4358; ppageno 0'>
   <div class='ocr_carea' id='block_1_1' title="bbox 366 139 1168 202">
    <p class='ocr_par' dir='ltr' id='par_1_1' title="bbox 366 139 1168 202">
     <span class='ocr_line' id='line_1_1' title="bbox 366 139 1168 202; baseline 0.012 -10"><span class='ocrx_word' id='word_1_1' title='bbox 366 139 407 194; x_wconf 75' lang='lat' dir='ltr'><strong>bu</strong></span> <span class='ocrx_word' id='word_1_2' title='bbox 424 139 524 194; x_wconf 74' lang='lat' dir='ltr'><strong>Buteo</strong></span> <span class='ocrx_word' id='word_1_3' title='bbox 543 139 696 194; x_wconf 79' lang='lat' dir='ltr'><strong>lllGUR&#39;l&#39;ll.</strong></span> <span class='ocrx_word' id='word_1_4' title='bbox 732 142 759 194; x_wconf 81' lang='lat' dir='ltr'><strong>G.</strong></span> <span class='ocrx_word' id='word_1_5' title='bbox 778 143 888 196; x_wconf 81' lang='lat'><strong>92-94.</strong></span> <span class='ocrx_word' id='word_1_6' title='bbox 1108 140 1168 202; x_wconf 82' lang='lat'><strong>195</strong></span> 
     </span>
    </p>
   </div>
   <div class='ocr_carea' id='block_1_2' title="bbox 86 312 1279 2181">
    <p class='ocr_par' dir='ltr' id='par_1_2' title="bbox 86 312 1279 2181">
     <span class='ocr_line' id='line_1_2' title="bbox 91 312 1200 393; baseline 0.004 -19"><span class='ocrx_word' id='word_1_7' title='bbox 91 314 136 375; x_wconf 89' lang='lat' dir='ltr'><strong>tit.</strong></span> <span class='ocrx_word' id='word_1_8' title='bbox 167 313 205 374; x_wconf 86' lang='lat' dir='ltr'><strong>Et</strong></span> <span class='ocrx_word' id='word_1_9' title='bbox 220 313 296 375; x_wconf 87' lang='lat' dir='ltr'><strong>iorte</strong></span> <span class='ocrx_word' id='word_1_10' title='bbox 310 312 341 374; x_wconf 92' lang='lat' dir='ltr'><strong>in</strong></span> <span class='ocrx_word' id='word_1_11' title='bbox 358 330 393 375; x_wconf 93' lang='lat' dir='ltr'><strong>eo</strong></span> <span class='ocrx_word' id='word_1_12' title='bbox 408 313 474 373; x_wconf 92' lang='lat' dir='ltr'><strong>loco</strong></span> <span class='ocrx_word' id='word_1_13' title='bbox 490 313 610 392; x_wconf 88' lang='lat' dir='ltr'><strong>grandis</strong></span> <span class='ocrx_word' id='word_1_14' title='bbox 620 312 682 374; x_wconf 49' lang='lat' dir='ltr'><strong>*ilex</strong></span> <span class='ocrx_word' id='word_1_15' title='bbox 698 313 846 375; x_wconf 78' lang='lat' dir='ltr'><strong>coaluerat</strong></span> <span class='ocrx_word' id='word_1_16' title='bbox 860 313 939 375; x_wconf 90' lang='lat' dir='ltr'><strong>inter</strong></span> <span class='ocrx_word' id='word_1_17' title='bbox 953 333 1031 389; x_wconf 81' lang='lat' dir='ltr'><strong>saxa,</strong></span> <span class='ocrx_word' id='word_1_18' title='bbox 1048 315 1169 393; x_wconf 93' lang='lat' dir='ltr'><strong>paulum</strong></span> <span class='ocrx_word' id='word_1_19' title='bbox 1184 329 1200 378; x_wconf 79' lang='lat' dir='ltr'><strong>t</strong></span> 
     </span>
     <span class='ocr_line' id='line_1_3' title="bbox 91 396 1169 478; baseline 0.003 -19"><span class='ocrx_word' id='word_1_20' title='bbox 91 399 179 459; x_wconf 92' lang='lat' dir='ltr'><strong>modo</strong></span> <span class='ocrx_word' id='word_1_21' title='bbox 192 417 296 478; x_wconf 89' lang='lat' dir='ltr'><strong>prona,</strong></span> <span class='ocrx_word' id='word_1_22' title='bbox 308 396 415 459; x_wconf 91' lang='lat' dir='ltr'><strong>deinde</strong></span> <span class='ocrx_word' id='word_1_23' title='bbox 427 398 533 460; x_wconf 83' lang='lat' dir='ltr'><strong>inflexa</strong></span> <span class='ocrx_word' id='word_1_24' title='bbox 544 406 633 478; x_wconf 87' lang='lat' dir='ltr'><strong>atque</strong></span> <span class='ocrx_word' id='word_1_25' title='bbox 645 405 728 459; x_wconf 87' lang='lat' dir='ltr'><strong>aucta</strong></span> <span class='ocrx_word' id='word_1_26' title='bbox 741 398 772 459; x_wconf 91' lang='lat' dir='ltr'><strong>in</strong></span> <span class='ocrx_word' id='word_1_27' title='bbox 784 397 979 474; x_wconf 77' lang='lat' dir='ltr'>altitudinem,</span> <span class='ocrx_word' id='word_1_28' title='bbox 992 418 1052 478; x_wconf 90' lang='lat' dir='ltr'><strong>quo</strong></span> <span class='ocrx_word' id='word_1_29' title='bbox 1063 409 1169 462; x_wconf 88' lang='lat' dir='ltr'><strong>cuneta</strong></span> 
     </span>
     <span class='ocr_line' id='line_1_4' title="bbox 92 482 1169 563; baseline 0.002 -19"><span class='ocrx_word' id='word_1_30' title='bbox 92 483 276 563; x_wconf 79' lang='lat' dir='ltr'><strong>gignentium</strong></span> <span class='ocrx_word' id='word_1_31' title='bbox 294 492 398 545; x_wconf 89' lang='lat' dir='ltr'><strong>natura</strong></span> <span class='ocrx_word' id='word_1_32' title='bbox 407 483 480 557; x_wconf 88' lang='lat' dir='ltr'><strong>lert;</strong></span> <span class='ocrx_word' id='word_1_33' title='bbox 496 483 582 544; x_wconf 92' lang='lat' dir='ltr'><strong>cuius</strong></span> <span class='ocrx_word' id='word_1_34' title='bbox 594 482 682 544; x_wconf 91' lang='lat' dir='ltr'><strong>ramis</strong></span> <span class='ocrx_word' id='word_1_35' title='bbox 694 483 792 559; x_wconf 89' lang='lat' dir='ltr'><strong>modo,</strong></span> <span class='ocrx_word' id='word_1_36' title='bbox 808 484 895 544; x_wconf 90' lang='lat' dir='ltr'><strong>modo</strong></span> <span class='ocrx_word' id='word_1_37' title='bbox 909 484 1107 546; x_wconf 86' lang='lat' dir='ltr'><strong>eminentibus</strong></span> <span class='ocrx_word' id='word_1_38' title='bbox 1122 504 1169 546; x_wconf 93' lang='lat' dir='ltr'><strong>sa-</strong></span> 
     </span>
     <span class='ocr_line' id='line_1_5' title="bbox 90 567 1168 648; baseline 0.002 -19"><span class='ocrx_word' id='word_1_39' title='bbox 90 571 135 630; x_wconf 87' lang='lat' dir='ltr'><strong>xis</strong></span> <span class='ocrx_word' id='word_1_40' title='bbox 151 570 234 630; x_wconf 91' lang='lat' dir='ltr'><strong>nisus</strong></span> <span class='ocrx_word' id='word_1_41' title='bbox 249 568 341 647; x_wconf 83' lang='lat' dir='ltr'><strong>Ligus</strong></span> <span class='ocrx_word' id='word_1_42' title='bbox 356 567 388 628; x_wconf 93' lang='lat' dir='ltr'><strong>in</strong></span> <span class='ocrx_word' id='word_1_43' title='bbox 403 567 514 629; x_wconf 83' lang='lat' dir='ltr'><strong>castelli</strong></span> <span class='ocrx_word' id='word_1_44' title='bbox 531 567 683 646; x_wconf 78' lang='lat' dir='ltr'><strong>planitiem</strong></span> <span class='ocrx_word' id='word_1_45' title='bbox 699 569 841 647; x_wconf 82' lang='lat' dir='ltr'><strong>pervenit,</strong></span> <span class='ocrx_word' id='word_1_46' title='bbox 858 570 938 648; x_wconf 89' lang='lat' dir='ltr'><strong>quod</strong></span> <span class='ocrx_word' id='word_1_47' title='bbox 954 569 1053 631; x_wconf 88' lang='lat' dir='ltr'><strong>cuncti</strong></span> <span class='ocrx_word' id='word_1_48' title='bbox 1064 569 1168 631; x_wconf 90' lang='lat' dir='ltr'><strong>Numi-</strong></span> 
     </span>
     <span class='ocr_line' id='line_1_6' title="bbox 92 651 1199 734; baseline 0.001 -19"><span class='ocrx_word' id='word_1_49' title='bbox 92 655 145 716; x_wconf 92' lang='lat' dir='ltr'><strong>dae</strong></span> <span class='ocrx_word' id='word_1_50' title='bbox 160 653 267 715; x_wconf 86' lang='lat' dir='ltr'><strong>intenti</strong></span> <span class='ocrx_word' id='word_1_51' title='bbox 279 651 492 732; x_wconf 90' lang='lat' dir='ltr'><strong>proeliantibus</strong></span> <span class='ocrx_word' id='word_1_52' title='bbox 505 653 634 714; x_wconf 88' lang='lat' dir='ltr'><strong>aderant.</strong></span> <span class='ocrx_word' id='word_1_53' title='bbox 666 652 834 733; x_wconf 83' lang='lat' dir='ltr'><strong>Exploratis</strong></span> <span class='ocrx_word' id='word_1_54' title='bbox 845 654 994 730; x_wconf 91' lang='lat' dir='ltr'><strong>omnibus,</strong></span> <span class='ocrx_word' id='word_1_55' title='bbox 1011 673 1086 734; x_wconf 88' lang='lat' dir='ltr'><strong>quae</strong></span> <span class='ocrx_word' id='word_1_56' title='bbox 1100 673 1168 716; x_wconf 84' lang='lat' dir='ltr'><strong>mox</strong></span> <span class='ocrx_word' id='word_1_57' title='bbox 1183 669 1199 718; x_wconf 77' lang='lat' dir='ltr'><strong>a</strong></span> 
     </span>
     <span class='ocr_line' id='line_1_7' title="bbox 91 737 1166 817; baseline 0.002 -17"><span class='ocrx_word' id='word_1_58' title='bbox 91 739 160 800; x_wconf 91' lang='lat' dir='ltr'><strong>usui</strong></span> <span class='ocrx_word' id='word_1_59' title='bbox 174 739 239 799; x_wconf 91' lang='lat' dir='ltr'><strong>lore</strong></span> <span class='ocrx_word' id='word_1_60' title='bbox 251 737 385 813; x_wconf 88' lang='lat' dir='ltr'><strong>ducebat,</strong></span> <span class='ocrx_word' id='word_1_61' title='bbox 397 737 498 799; x_wconf 90' lang='lat' dir='ltr'><strong>eadem</strong></span> <span class='ocrx_word' id='word_1_62' title='bbox 510 737 686 817; x_wconf 81' lang='lat' dir='ltr'><strong>regreditur,</strong></span> <span class='ocrx_word' id='word_1_63' title='bbox 700 756 760 799; x_wconf 92' lang='lat' dir='ltr'><strong>non</strong></span> <span class='ocrx_word' id='word_1_64' title='bbox 776 747 896 815; x_wconf 87' lang='lat' dir='ltr'><strong>temere,</strong></span> <span class='ocrx_word' id='word_1_65' title='bbox 910 739 954 800; x_wconf 90' lang='lat' dir='ltr'><strong>uti</strong></span> <span class='ocrx_word' id='word_1_66' title='bbox 965 740 1166 817; x_wconf 85' lang='lat' dir='ltr'><strong>adscenderat,</strong></span> 
     </span>
     <span class='ocr_line' id='line_1_8' title="bbox 91 819 1279 907; baseline 0.003 -22"><span class='ocrx_word' id='word_1_67' title='bbox 91 824 142 886; x_wconf 91' lang='lat' dir='ltr'><strong>sed</strong></span> <span class='ocrx_word' id='word_1_68' title='bbox 164 831 312 902; x_wconf 87' lang='lat' dir='ltr'><strong>temptans</strong></span> <span class='ocrx_word' id='word_1_69' title='bbox 328 819 477 884; x_wconf 69' lang='lat' dir='ltr'><strong>omnia&#39;et</strong></span> <span class='ocrx_word' id='word_1_70' title='bbox 499 822 753 902; x_wconf 88' lang='lat' dir='ltr'><strong>circumspiciens.</strong></span> <span class='ocrx_word' id='word_1_71' title='bbox 783 823 885 903; x_wconf 90' lang='lat' dir='ltr'><strong>ltaque</strong></span> <span class='ocrx_word' id='word_1_72' title='bbox 900 823 1024 885; x_wconf 91' lang='lat' dir='ltr'><strong>Marium</strong></span> <span class='ocrx_word' id='word_1_73' title='bbox 1040 838 1199 907; x_wconf 76' lang='lat' dir='ltr'><strong>properet</strong></span> <span class='ocrx_word' id='word_1_74' title='bbox 1273 856 1279 879; x_wconf 73' lang='grc' dir='ltr'><em>ι</em></span> 
     </span>
     <span class='ocr_line' id='line_1_9' title="bbox 91 907 1188 988; baseline 0.002 -17"><span class='ocrx_word' id='word_1_75' title='bbox 91 909 159 984; x_wconf 91' lang='lat' dir='ltr'><strong>adit,</strong></span> <span class='ocrx_word' id='word_1_76' title='bbox 175 917 238 970; x_wconf 88' lang='lat' dir='ltr'><strong>acta</strong></span> <span class='ocrx_word' id='word_1_77' title='bbox 253 909 366 984; x_wconf 90' lang='lat' dir='ltr'><strong>edocet,</strong></span> <span class='ocrx_word' id='word_1_78' title='bbox 382 909 524 982; x_wconf 88' lang='lat' dir='ltr'><strong>bortatur,</strong></span> <span class='ocrx_word' id='word_1_79' title='bbox 540 907 576 968; x_wconf 89' lang='lat' dir='ltr'><strong>ab</strong></span> <span class='ocrx_word' id='word_1_80' title='bbox 592 927 624 970; x_wconf 94' lang='lat' dir='ltr'><strong>ea</strong></span> <span class='ocrx_word' id='word_1_81' title='bbox 640 915 733 987; x_wconf 87' lang='lat' dir='ltr'><strong>parte,</strong></span> <span class='ocrx_word' id='word_1_82' title='bbox 750 927 808 987; x_wconf 89' lang='lat' dir='ltr'><strong>qua</strong></span> <span class='ocrx_word' id='word_1_83' title='bbox 823 908 887 988; x_wconf 91' lang='lat' dir='ltr'><strong>ipse</strong></span> <span class='ocrx_word' id='word_1_84' title='bbox 902 909 1103 986; x_wconf 86' lang='lat' dir='ltr'><strong>adscenderat,</strong></span> <span class='ocrx_word' id='word_1_85' title='bbox 1119 929 1167 973; x_wconf 88' lang='lat' dir='ltr'><strong>ca-</strong></span> <span class='ocrx_word' id='word_1_86' title='bbox 1185 975 1188 981; x_wconf 70' lang='grc'><strong>,</strong></span> 
     </span>
     <span class='ocr_line' id='line_1_10' title="bbox 90 992 1197 1074; baseline 0.003 -19"><span class='ocrx_word' id='word_1_87' title='bbox 90 993 207 1055; x_wconf 91' lang='lat' dir='ltr'><strong>stellum</strong></span> <span class='ocrx_word' id='word_1_88' title='bbox 223 1001 362 1073; x_wconf 82' lang='lat' dir='ltr'><strong>temptet3</strong></span> <span class='ocrx_word' id='word_1_89' title='bbox 378 993 536 1073; x_wconf 89' lang='lat' dir='ltr'><strong>pollicetur</strong></span> <span class='ocrx_word' id='word_1_90' title='bbox 550 1012 615 1055; x_wconf 86' lang='lat' dir='ltr'><strong>sese</strong></span> <span class='ocrx_word' id='word_1_91' title='bbox 630 992 745 1054; x_wconf 89' lang='lat' dir='ltr'><strong>itineris</strong></span> <span class='ocrx_word' id='word_1_92' title='bbox 760 993 947 1074; x_wconf 87' lang='lat' dir='ltr'><strong>periculique</strong></span> <span class='ocrx_word' id='word_1_93' title='bbox 963 994 1078 1056; x_wconf 88' lang='lat' dir='ltr'><strong>ducem.</strong></span> <span class='ocrx_word' id='word_1_94' title='bbox 1107 995 1197 1058; x_wconf 77' lang='lat' dir='ltr'><strong>lla-r</strong></span> 
     </span>
     <span class='ocr_line' id='line_1_11' title="bbox 90 1078 1165 1159; baseline 0.001 -19"><span class='ocrx_word' id='word_1_95' title='bbox 90 1080 153 1141; x_wconf 90' lang='lat' dir='ltr'><strong>rius</strong></span> <span class='ocrx_word' id='word_1_96' title='bbox 174 1097 242 1139; x_wconf 91' lang='lat' dir='ltr'><strong>cum</strong></span> <span class='ocrx_word' id='word_1_97' title='bbox 257 1078 368 1159; x_wconf 90' lang='lat' dir='ltr'><strong>Ligure</strong></span> <span class='ocrx_word' id='word_1_98' title='bbox 383 1079 528 1158; x_wconf 92' lang='lat' dir='ltr'><strong>promissa</strong></span> <span class='ocrx_word' id='word_1_99' title='bbox 543 1079 607 1140; x_wconf 89' lang='lat' dir='ltr'><strong>cius</strong></span> <span class='ocrx_word' id='word_1_100' title='bbox 622 1078 774 1158; x_wconf 89' lang='lat' dir='ltr'><strong>cognitum</strong></span> <span class='ocrx_word' id='word_1_101' title='bbox 797 1098 833 1141; x_wconf 83' lang='lat' dir='ltr'><strong>ex</strong></span> <span class='ocrx_word' id='word_1_102' title='bbox 848 1080 1055 1159; x_wconf 89' lang='lat' dir='ltr'><strong>praesentibus</strong></span> <span class='ocrx_word' id='word_1_103' title='bbox 1069 1080 1150 1142; x_wconf 89' lang='lat' dir='ltr'><strong>misit</strong></span> <span class='ocrx_word' id='word_1_104' title='bbox 1156 1100 1165 1156; x_wconf 89' lang='lat'>;</span> 
     </span>
     <span class='ocr_line' id='line_1_12' title="bbox 90 1164 1166 1243; baseline 0.001 -18"><span class='ocrx_word' id='word_1_105' title='bbox 90 1182 218 1243; x_wconf 91' lang='lat' dir='ltr'><strong>quorum</strong></span> <span class='ocrx_word' id='word_1_106' title='bbox 234 1164 277 1225; x_wconf 92' lang='lat' dir='ltr'><strong>uti</strong></span> <span class='ocrx_word' id='word_1_107' title='bbox 307 1165 451 1243; x_wconf 90' lang='lat' dir='ltr'><strong>cuiusque</strong></span> <span class='ocrx_word' id='word_1_108' title='bbox 467 1164 621 1243; x_wconf 87' lang='lat' dir='ltr'><strong>ingenium</strong></span> <span class='ocrx_word' id='word_1_109' title='bbox 636 1172 707 1239; x_wconf 88' lang='lat' dir='ltr'><strong>erat,</strong></span> <span class='ocrx_word' id='word_1_110' title='bbox 731 1165 770 1225; x_wconf 92' lang='lat' dir='ltr'><strong>ita</strong></span> <span class='ocrx_word' id='word_1_111' title='bbox 785 1183 850 1226; x_wconf 89' lang='lat' dir='ltr'><strong>rem</strong></span> <span class='ocrx_word' id='word_1_112' title='bbox 864 1165 1013 1228; x_wconf 85' lang='lat' dir='ltr'><strong>difficilem</strong></span> <span class='ocrx_word' id='word_1_113' title='bbox 1029 1175 1080 1227; x_wconf 92' lang='lat' dir='ltr'><strong>aut</strong></span> <span class='ocrx_word' id='word_1_114' title='bbox 1094 1166 1166 1228; x_wconf 88' lang='lat' dir='ltr'><strong>laci·</strong></span> 
     </span>
     <span class='ocr_line' id='line_1_13' title="bbox 89 1249 1195 1330; baseline 0.005 -19"><span class='ocrx_word' id='word_1_115' title='bbox 89 1250 147 1311; x_wconf 90' lang='lat' dir='ltr'><strong>lem</strong></span> <span class='ocrx_word' id='word_1_116' title='bbox 163 1249 351 1325; x_wconf 87' lang='lat' dir='ltr'><strong>nuntiavere;</strong></span> <span class='ocrx_word' id='word_1_117' title='bbox 368 1249 500 1310; x_wconf 82' lang='lat' dir='ltr'><strong>consulis</strong></span> <span class='ocrx_word' id='word_1_118' title='bbox 514 1251 631 1310; x_wconf 90' lang='lat' dir='ltr'><strong>animus</strong></span> <span class='ocrx_word' id='word_1_119' title='bbox 646 1257 743 1310; x_wconf 91' lang='lat' dir='ltr'><strong>tamen</strong></span> <span class='ocrx_word' id='word_1_120' title='bbox 754 1249 876 1328; x_wconf 93' lang='lat' dir='ltr'><strong>paulum</strong></span> <span class='ocrx_word' id='word_1_121' title='bbox 891 1260 1033 1312; x_wconf 90' lang='lat' dir='ltr'><strong>arrectus.</strong></span> <span class='ocrx_word' id='word_1_122' title='bbox 1064 1251 1166 1330; x_wconf 89' lang='lat' dir='ltr'><strong>ltaque</strong></span> <span class='ocrx_word' id='word_1_123' title='bbox 1179 1265 1195 1316; x_wconf 83' lang='lat'>8</span> 
     </span>
     <span class='ocr_line' id='line_1_14' title="bbox 89 1334 1165 1415; baseline 0 -18"><span class='ocrx_word' id='word_1_124' title='bbox 89 1353 125 1397; x_wconf 86' lang='lat' dir='ltr'><strong>ex</strong></span> <span class='ocrx_word' id='word_1_125' title='bbox 140 1335 224 1414; x_wconf 90' lang='lat' dir='ltr'><strong>copia</strong></span> <span class='ocrx_word' id='word_1_126' title='bbox 238 1334 405 1396; x_wconf 90' lang='lat' dir='ltr'><strong>tubicinum</strong></span> <span class='ocrx_word' id='word_1_127' title='bbox 417 1343 447 1395; x_wconf 93' lang='lat' dir='ltr'><strong>et</strong></span> <span class='ocrx_word' id='word_1_128' title='bbox 458 1335 644 1396; x_wconf 91' lang='lat' dir='ltr'><strong>cornicinum</strong></span> <span class='ocrx_word' id='word_1_129' title='bbox 656 1352 780 1396; x_wconf 92' lang='lat' dir='ltr'><strong>numero</strong></span> <span class='ocrx_word' id='word_1_130' title='bbox 796 1335 930 1414; x_wconf 89' lang='lat' dir='ltr'><strong>quinque</strong></span> <span class='ocrx_word' id='word_1_131' title='bbox 943 1354 1030 1415; x_wconf 93' lang='lat' dir='ltr'><strong>quam</strong></span> <span class='ocrx_word' id='word_1_132' title='bbox 1042 1336 1165 1397; x_wconf 89' lang='lat' dir='ltr'><strong>velocis-</strong></span> 
     </span>
     <span class='ocr_line' id='line_1_15' title="bbox 88 1419 1256 1499; baseline 0.003 -17"><span class='ocrx_word' id='word_1_133' title='bbox 88 1422 190 1482; x_wconf 89' lang='lat' dir='ltr'><strong>suinos</strong></span> <span class='ocrx_word' id='word_1_134' title='bbox 200 1419 317 1498; x_wconf 87' lang='lat' dir='ltr'><strong>delegit,</strong></span> <span class='ocrx_word' id='word_1_135' title='bbox 334 1427 363 1481; x_wconf 92' lang='lat' dir='ltr'><strong>et</strong></span> <span class='ocrx_word' id='word_1_136' title='bbox 376 1438 444 1480; x_wconf 91' lang='lat' dir='ltr'><strong>cum</strong></span> <span class='ocrx_word' id='word_1_137' title='bbox 456 1421 508 1495; x_wconf 90' lang='lat' dir='ltr'><strong>eis,</strong></span> <span class='ocrx_word' id='word_1_138' title='bbox 519 1419 665 1498; x_wconf 91' lang='lat' dir='ltr'><strong>praesidio</strong></span> <span class='ocrx_word' id='word_1_139' title='bbox 678 1419 729 1497; x_wconf 92' lang='lat' dir='ltr'><strong>qui</strong></span> <span class='ocrx_word' id='word_1_140' title='bbox 740 1420 850 1496; x_wconf 82' lang='lat' dir='ltr'><strong>forent,</strong></span> <span class='ocrx_word' id='word_1_141' title='bbox 862 1427 1002 1499; x_wconf 89' lang='lat' dir='ltr'><strong>quattuor</strong></span> <span class='ocrx_word' id='word_1_142' title='bbox 1013 1421 1164 1482; x_wconf 91' lang='lat' dir='ltr'><strong>centurio·</strong></span> <span class='ocrx_word' id='word_1_143' title='bbox 1251 1479 1256 1486; x_wconf 90' lang='lat'><em>.</em></span> 
     </span>
     <span class='ocr_line' id='line_1_16' title="bbox 88 1503 1164 1584; baseline -0.001 -16"><span class='ocrx_word' id='word_1_144' title='bbox 88 1525 153 1582; x_wconf 86' lang='lat' dir='ltr'><strong>nes,</strong></span> <span class='ocrx_word' id='word_1_145' title='bbox 169 1505 325 1583; x_wconf 91' lang='lat' dir='ltr'><strong>omnisque</strong></span> <span class='ocrx_word' id='word_1_146' title='bbox 337 1504 439 1582; x_wconf 87' lang='lat' dir='ltr'><strong>Liguri</strong></span> <span class='ocrx_word' id='word_1_147' title='bbox 454 1522 560 1584; x_wconf 90' lang='lat' dir='ltr'><strong>parere</strong></span> <span class='ocrx_word' id='word_1_148' title='bbox 575 1503 657 1565; x_wconf 91' lang='lat' dir='ltr'><strong>iubet</strong></span> <span class='ocrx_word' id='word_1_149' title='bbox 671 1513 701 1565; x_wconf 90' lang='lat' dir='ltr'><strong>et</strong></span> <span class='ocrx_word' id='word_1_150' title='bbox 715 1504 742 1565; x_wconf 93' lang='lat' dir='ltr'><strong>ei</strong></span> <span class='ocrx_word' id='word_1_151' title='bbox 757 1503 877 1583; x_wconf 88' lang='lat' dir='ltr'><strong>negotio</strong></span> <span class='ocrx_word' id='word_1_152' title='bbox 893 1523 1071 1584; x_wconf 83' lang='lat' dir='ltr'><strong>proxumum</strong></span> <span class='ocrx_word' id='word_1_153' title='bbox 1087 1506 1164 1567; x_wconf 90' lang='lat' dir='ltr'><strong>diem</strong></span> 
     </span>
     <span class='ocr_line' id='line_1_17' title="bbox 88 1588 1217 1669; baseline 0.003 -18"><span class='ocrx_word' id='word_1_154' title='bbox 88 1589 250 1652; x_wconf 90' lang='lat' dir='ltr'><strong>constituit.</strong></span> <span class='ocrx_word' id='word_1_155' title='bbox 280 1588 338 1650; x_wconf 88' lang='lat' dir='ltr'><strong>Sed</strong></span> <span class='ocrx_word' id='word_1_156' title='bbox 354 1589 406 1650; x_wconf 91' lang='lat' dir='ltr'><strong>ubi</strong></span> <span class='ocrx_word' id='word_1_157' title='bbox 421 1608 456 1650; x_wconf 81' lang='lat' dir='ltr'><strong>ex</strong></span> <span class='ocrx_word' id='word_1_158' title='bbox 471 1597 629 1669; x_wconf 90' lang='lat' dir='ltr'><strong>praecepto</strong></span> <span class='ocrx_word' id='word_1_159' title='bbox 647 1598 763 1668; x_wconf 87' lang='lat' dir='ltr'><strong>tempus</strong></span> <span class='ocrx_word' id='word_1_160' title='bbox 779 1589 890 1666; x_wconf 88' lang='lat' dir='ltr'><strong>visum,</strong></span> <span class='ocrx_word' id='word_1_161' title='bbox 912 1590 1022 1669; x_wconf 88' lang='lat' dir='ltr'><strong>paratis</strong></span> <span class='ocrx_word' id='word_1_162' title='bbox 1040 1609 1163 1669; x_wconf 90' lang='lat' dir='ltr'><strong>compo·</strong></span> <span class='ocrx_word' id='word_1_163' title='bbox 1178 1597 1217 1654; x_wconf 76' lang='lat' dir='ltr'><strong>tt</strong></span> 
     </span>
     <span class='ocr_line' id='line_1_18' title="bbox 88 1673 1165 1754; baseline 0 -18"><span class='ocrx_word' id='word_1_164' title='bbox 88 1675 211 1754; x_wconf 88' lang='lat' dir='ltr'><strong>sitisque</strong></span> <span class='ocrx_word' id='word_1_165' title='bbox 233 1673 372 1736; x_wconf 89' lang='lat' dir='ltr'><strong>omnibus</strong></span> <span class='ocrx_word' id='word_1_166' title='bbox 387 1674 422 1735; x_wconf 87' lang='lat' dir='ltr'><strong>ad</strong></span> <span class='ocrx_word' id='word_1_167' title='bbox 444 1674 542 1736; x_wconf 88' lang='lat' dir='ltr'><strong>locum</strong></span> <span class='ocrx_word' id='word_1_168' title='bbox 564 1675 671 1753; x_wconf 88' lang='lat' dir='ltr'><strong>pergit.</strong></span> <span class='ocrx_word' id='word_1_169' title='bbox 703 1674 840 1736; x_wconf 86' lang='lat' dir='ltr'><strong>Ceterum</strong></span> <span class='ocrx_word' id='word_1_170' title='bbox 855 1674 913 1749; x_wconf 89' lang='lat' dir='ltr'><strong>illi,</strong></span> <span class='ocrx_word' id='word_1_171' title='bbox 937 1675 988 1753; x_wconf 90' lang='lat' dir='ltr'><strong>qui</strong></span> <span class='ocrx_word' id='word_1_172' title='bbox 1011 1676 1165 1736; x_wconf 90' lang='lat' dir='ltr'><strong>escensuri</strong></span> 
     </span>
     <span class='ocr_line' id='line_1_19' title="bbox 88 1759 1164 1840; baseline 0.001 -19"><span class='ocrx_word' id='word_1_173' title='bbox 88 1768 187 1835; x_wconf 91' lang='lat' dir='ltr'><strong>erant,</strong></span> <span class='ocrx_word' id='word_1_174' title='bbox 210 1759 362 1839; x_wconf 83' lang='lat' dir='ltr'><strong>praedocti</strong></span> <span class='ocrx_word' id='word_1_175' title='bbox 382 1759 417 1821; x_wconf 92' lang='lat' dir='ltr'><strong>ab</strong></span> <span class='ocrx_word' id='word_1_176' title='bbox 433 1761 509 1821; x_wconf 91' lang='lat' dir='ltr'><strong>duee</strong></span> <span class='ocrx_word' id='word_1_177' title='bbox 523 1777 603 1819; x_wconf 90' lang='lat' dir='ltr'><strong>arma</strong></span> <span class='ocrx_word' id='word_1_178' title='bbox 627 1767 825 1838; x_wconf 87' lang='lat' dir='ltr'><strong>ornatumque</strong></span> <span class='ocrx_word' id='word_1_179' title='bbox 847 1767 1045 1835; x_wconf 83' lang='lat' dir='ltr'><strong>mutaverant3</strong></span> <span class='ocrx_word' id='word_1_180' title='bbox 1069 1759 1164 1840; x_wconf 88' lang='lat' dir='ltr'><strong>capite</strong></span> 
     </span>
     <span class='ocr_line' id='line_1_20' title="bbox 87 1844 1166 1925; baseline 0 -19"><span class='ocrx_word' id='word_1_181' title='bbox 87 1854 175 1924; x_wconf 90' lang='lat' dir='ltr'><strong>atque</strong></span> <span class='ocrx_word' id='word_1_182' title='bbox 198 1844 324 1924; x_wconf 91' lang='lat' dir='ltr'><strong>pedibus</strong></span> <span class='ocrx_word' id='word_1_183' title='bbox 341 1845 444 1922; x_wconf 93' lang='lat' dir='ltr'><strong>nudis,</strong></span> <span class='ocrx_word' id='word_1_184' title='bbox 466 1845 509 1907; x_wconf 90' lang='lat' dir='ltr'><strong>uti</strong></span> <span class='ocrx_word' id='word_1_185' title='bbox 525 1853 710 1925; x_wconf 87' lang='lat' dir='ltr'><strong>prospectus</strong></span> <span class='ocrx_word' id='word_1_186' title='bbox 723 1844 867 1923; x_wconf 92' lang='lat' dir='ltr'><strong>nisusque</strong></span> <span class='ocrx_word' id='word_1_187' title='bbox 889 1863 943 1924; x_wconf 91' lang='lat' dir='ltr'><strong>per</strong></span> <span class='ocrx_word' id='word_1_188' title='bbox 961 1863 1028 1907; x_wconf 87' lang='lat' dir='ltr'><strong>saxa</strong></span> <span class='ocrx_word' id='word_1_189' title='bbox 1049 1845 1166 1908; x_wconf 81' lang='lat' dir='ltr'><strong>facilius</strong></span> 
     </span>
     <span class='ocr_line' id='line_1_21' title="bbox 87 1928 1163 2009; baseline 0.001 -19"><span class='ocrx_word' id='word_1_190' title='bbox 87 1931 180 2005; x_wconf 83' lang='lat' dir='ltr'><strong>loret3</strong></span> <span class='ocrx_word' id='word_1_191' title='bbox 201 1948 294 2009; x_wconf 90' lang='lat' dir='ltr'><strong>super</strong></span> <span class='ocrx_word' id='word_1_192' title='bbox 307 1939 390 2008; x_wconf 84' lang='lat' dir='ltr'><strong>terga</strong></span> <span class='ocrx_word' id='word_1_193' title='bbox 405 1931 491 2009; x_wconf 85' lang='lat' dir='ltr'><strong>gladii</strong></span> <span class='ocrx_word' id='word_1_194' title='bbox 508 1938 537 1992; x_wconf 92' lang='lat' dir='ltr'><strong>et</strong></span> <span class='ocrx_word' id='word_1_195' title='bbox 552 1939 650 2006; x_wconf 90' lang='lat' dir='ltr'><strong>scuta,</strong></span> <span class='ocrx_word' id='word_1_196' title='bbox 673 1948 775 1990; x_wconf 90' lang='lat' dir='ltr'><strong>verum</strong></span> <span class='ocrx_word' id='word_1_197' title='bbox 797 1949 830 1992; x_wconf 90' lang='lat' dir='ltr'><strong>ea</strong></span> <span class='ocrx_word' id='word_1_198' title='bbox 845 1928 998 1991; x_wconf 92' lang='lat' dir='ltr'><strong>Numidica</strong></span> <span class='ocrx_word' id='word_1_199' title='bbox 1013 1950 1048 1992; x_wconf 81' lang='lat' dir='ltr'><strong>ex</strong></span> <span class='ocrx_word' id='word_1_200' title='bbox 1063 1930 1163 2006; x_wconf 93' lang='lat' dir='ltr'><strong>coriis,</strong></span> 
     </span>
     <span class='ocr_line' id='line_1_22' title="bbox 86 2015 1192 2096; baseline -0.001 -19"><span class='ocrx_word' id='word_1_201' title='bbox 86 2015 228 2096; x_wconf 86' lang='lat' dir='ltr'><strong>ponderis</strong></span> <span class='ocrx_word' id='word_1_202' title='bbox 250 2015 341 2094; x_wconf 84' lang='lat' dir='ltr'><strong>gratia</strong></span> <span class='ocrx_word' id='word_1_203' title='bbox 363 2016 452 2077; x_wconf 90' lang='lat' dir='ltr'><strong>simul</strong></span> <span class='ocrx_word' id='word_1_204' title='bbox 474 2025 503 2078; x_wconf 92' lang='lat' dir='ltr'><strong>et</strong></span> <span class='ocrx_word' id='word_1_205' title='bbox 524 2016 635 2078; x_wconf 86' lang='lat' dir='ltr'><strong>offensa</strong></span> <span class='ocrx_word' id='word_1_206' title='bbox 658 2033 717 2095; x_wconf 92' lang='lat' dir='ltr'><strong>quo</strong></span> <span class='ocrx_word' id='word_1_207' title='bbox 739 2015 831 2076; x_wconf 87' lang='lat' dir='ltr'><strong>levius</strong></span> <span class='ocrx_word' id='word_1_208' title='bbox 853 2023 1030 2094; x_wconf 86' lang='lat' dir='ltr'><strong>streperent.</strong></span> <span class='ocrx_word' id='word_1_209' title='bbox 1069 2016 1192 2094; x_wconf 77' lang='lat' dir='ltr'><strong>Igiturt</strong></span> 
     </span>
     <span class='ocr_line' id='line_1_23' title="bbox 86 2100 1163 2181; baseline 0.001 -20"><span class='ocrx_word' id='word_1_210' title='bbox 86 2100 295 2181; x_wconf 85' lang='lat' dir='ltr'><strong>praegrediens</strong></span> <span class='ocrx_word' id='word_1_211' title='bbox 314 2101 405 2180; x_wconf 87' lang='lat' dir='ltr'><strong>Ligus</strong></span> <span class='ocrx_word' id='word_1_212' title='bbox 426 2121 494 2164; x_wconf 84' lang='lat' dir='ltr'><strong>saxa</strong></span> <span class='ocrx_word' id='word_1_213' title='bbox 515 2108 544 2162; x_wconf 91' lang='lat' dir='ltr'><strong>et</strong></span> <span class='ocrx_word' id='word_1_214' title='bbox 566 2100 591 2162; x_wconf 92' lang='lat' dir='ltr'><strong>si</strong></span> <span class='ocrx_word' id='word_1_215' title='bbox 613 2119 689 2180; x_wconf 89' lang='lat' dir='ltr'><strong>quae</strong></span> <span class='ocrx_word' id='word_1_216' title='bbox 709 2107 838 2162; x_wconf 88' lang='lat' dir='ltr'><strong>vetustae</strong></span> <span class='ocrx_word' id='word_1_217' title='bbox 859 2100 972 2162; x_wconf 91' lang='lat' dir='ltr'><strong>radices</strong></span> <span class='ocrx_word' id='word_1_218' title='bbox 995 2100 1163 2162; x_wconf 87' lang='lat' dir='ltr'><strong>eminebant</strong></span> 
     </span>
    </p>
   </div>
   <div class='ocr_carea' id='block_1_3' title="bbox 87 2250 1161 2369">
    <p class='ocr_par' dir='ltr' id='par_1_3' title="bbox 87 2250 1161 2369">
     <span class='ocr_line' id='line_1_24' title="bbox 87 2250 1161 2369; baseline 0.003 -69"><span class='ocrx_word' id='word_1_219' title='bbox 87 2251 168 2310; x_wconf 75' lang='lat' dir='ltr'><strong>wire3</strong></span> <span class='ocrx_word' id='word_1_220' title='bbox 191 2250 252 2304; x_wconf 87' lang='lat' dir='ltr'><strong>Sall.</strong></span> <span class='ocrx_word' id='word_1_221' title='bbox 271 2251 433 2369; x_wconf 80' lang='lat' dir='ltr'><strong>bberspringt</strong></span> <span class='ocrx_word' id='word_1_222' title='bbox 451 2252 511 2304; x_wconf 89' lang='lat' dir='ltr'><strong>aber</strong></span> <span class='ocrx_word' id='word_1_223' title='bbox 529 2251 599 2304; x_wconf 82' lang='lat' dir='ltr'><strong>disse</strong></span> <span class='ocrx_word' id='word_1_224' title='bbox 649 2251 727 2302; x_wconf 89' lang='lat' dir='ltr'><strong>modo</strong></span> <span class='ocrx_word' id='word_1_225' title='bbox 739 2269 752 2301; x_wconf 88' lang='lat' dir='ltr'><strong>e</strong></span> <span class='ocrx_word' id='word_1_226' title='bbox 766 2251 848 2317; x_wconf 83' lang='lat' dir='ltr'><strong>plote,</strong></span> <span class='ocrx_word' id='word_1_227' title='bbox 861 2251 910 2301; x_wconf 80' lang='lat' dir='ltr'><strong>eod</strong></span> <span class='ocrx_word' id='word_1_228' title='bbox 920 2251 1050 2302; x_wconf 77' lang='lat' dir='ltr'><strong>militibus</strong></span> <span class='ocrx_word' id='word_1_229' title='bbox 1065 2256 1092 2300; x_wconf 85' lang='lat' dir='ltr'><strong>et</strong></span> <span class='ocrx_word' id='word_1_230' title='bbox 1103 2266 1161 2303; x_wconf 81' lang='lat' dir='ltr'><strong>cen·</strong></span> 
     </span>
    </p>
   </div>
   <div class='ocr_carea' id='block_1_4' title="bbox 82 2316 1236 3882">
    <p class='ocr_par' dir='ltr' id='par_1_4' title="bbox 82 2316 1236 3882">
     <span class='ocr_line' id='line_1_25' title="bbox 85 2316 340 2384; baseline 0.004 -17"><span class='ocrx_word' id='word_1_231' title='bbox 85 2318 202 2382; x_wconf 81' lang='lat' dir='ltr'><strong>Aussage</strong></span> <span class='ocrx_word' id='word_1_232' title='bbox 216 2316 268 2368; x_wconf 88' lang='lat' dir='ltr'><strong>und</strong></span> <span class='ocrx_word' id='word_1_233' title='bbox 283 2318 340 2384; x_wconf 79' lang='lat' dir='ltr'><strong>siagt</strong></span> 
     </span>
     <span class='ocr_line' id='line_1_26' title="bbox 87 2383 1161 2455; baseline 0.002 -21"><span class='ocrx_word' id='word_1_234' title='bbox 87 2384 143 2436; x_wconf 90' lang='lat' dir='ltr'><strong>dem</strong></span> <span class='ocrx_word' id='word_1_235' title='bbox 154 2383 293 2436; x_wconf 89' lang='lat' dir='ltr'><strong>Gedauken</strong></span> <span class='ocrx_word' id='word_1_236' title='bbox 304 2385 367 2436; x_wconf 83' lang='lat' dir='ltr'><strong>narb</strong></span> <span class='ocrx_word' id='word_1_237' title='bbox 379 2388 467 2439; x_wconf 83' lang='lat' dir='ltr'><strong>weiter</strong></span> <span class='ocrx_word' id='word_1_238' title='bbox 479 2387 599 2455; x_wconf 84' lang='lat' dir='ltr'><strong>folgeude</strong></span> <span class='ocrx_word' id='word_1_239' title='bbox 684 2389 709 2439; x_wconf 85' lang='lat'><strong>8.</strong></span> <span class='ocrx_word' id='word_1_240' title='bbox 728 2403 839 2437; x_wconf 85' lang='lat' dir='ltr'><strong>numero</strong></span> <span class='ocrx_word' id='word_1_241' title='bbox 858 2390 992 2452; x_wconf 76' lang='lat' dir='ltr'><strong>quinque:</strong></span> <span class='ocrx_word' id='word_1_242' title='bbox 1017 2386 1066 2437; x_wconf 86' lang='lat' dir='ltr'><strong>wie</strong></span> <span class='ocrx_word' id='word_1_243' title='bbox 1085 2387 1127 2450; x_wconf 74' lang='lat'><strong>53,</strong></span> <span class='ocrx_word' id='word_1_244' title='bbox 1135 2389 1161 2438; x_wconf 83' lang='lat'><strong>4.</strong></span> 
     </span>
     <span class='ocr_line' id='line_1_27' title="bbox 86 2451 1161 2518; baseline 0.002 -16"><span class='ocrx_word' id='word_1_245' title='bbox 86 2455 132 2517; x_wconf 84' lang='lat' dir='ltr'><strong>(et)</strong></span> <span class='ocrx_word' id='word_1_246' title='bbox 150 2455 233 2502; x_wconf 80' lang='lat' dir='ltr'><strong>vortit</strong></span> <span class='ocrx_word' id='word_1_247' title='bbox 249 2451 275 2504; x_wconf 88' lang='lat' dir='ltr'><strong>d.</strong></span> <span class='ocrx_word' id='word_1_248' title='bbox 292 2452 308 2504; x_wconf 86' lang='lat' dir='ltr'><strong>i.</strong></span> <span class='ocrx_word' id='word_1_249' title='bbox 330 2455 394 2518; x_wconf 86' lang='lat' dir='ltr'><strong>,gab</strong></span> <span class='ocrx_word' id='word_1_250' title='bbox 413 2455 511 2507; x_wconf 90' lang='lat' dir='ltr'><strong>seinem</strong></span> <span class='ocrx_word' id='word_1_251' title='bbox 529 2455 599 2507; x_wconf 83' lang='lat' dir='ltr'><strong>Geist</strong></span> <span class='ocrx_word' id='word_1_252' title='bbox 684 2457 731 2518; x_wconf 77' lang='lat' dir='ltr'><strong>qao·</strong></span> <span class='ocrx_word' id='word_1_253' title='bbox 747 2453 853 2515; x_wconf 73' lang='lat' dir='ltr'><strong>forent:</strong></span> <span class='ocrx_word' id='word_1_254' title='bbox 875 2453 921 2505; x_wconf 86' lang='lat' dir='ltr'><strong>auf</strong></span> <span class='ocrx_word' id='word_1_255' title='bbox 936 2470 997 2504; x_wconf 86' lang='lat' dir='ltr'><strong>oum</strong></span> <span class='ocrx_word' id='word_1_256' title='bbox 1015 2457 1052 2504; x_wconf 80' lang='lat' dir='ltr'><strong>eie</strong></span> <span class='ocrx_word' id='word_1_257' title='bbox 1069 2468 1100 2503; x_wconf 84' lang='lat' dir='ltr'><strong>zu</strong></span> <span class='ocrx_word' id='word_1_258' title='bbox 1118 2453 1161 2504; x_wconf 74' lang='lat' dir='ltr'><strong>be</strong></span> 
     </span>
     <span class='ocr_line' id='line_1_28' title="bbox 86 2518 1161 2587; baseline 0 -15"><span class='ocrx_word' id='word_1_259' title='bbox 86 2521 142 2573; x_wconf 88' lang='lat' dir='ltr'><strong>eine</strong></span> <span class='ocrx_word' id='word_1_260' title='bbox 160 2519 252 2570; x_wconf 86' lang='lat' dir='ltr'><strong>audere</strong></span> <span class='ocrx_word' id='word_1_261' title='bbox 270 2518 412 2587; x_wconf 82' lang='lat' dir='ltr'><strong>llichtung“</strong></span> <span class='ocrx_word' id='word_1_262' title='bbox 432 2537 472 2584; x_wconf 90' lang='lat' dir='ltr'><strong>an,</strong></span> <span class='ocrx_word' id='word_1_263' title='bbox 491 2538 521 2574; x_wconf 90' lang='lat' dir='ltr'><strong>so</strong></span> <span class='ocrx_word' id='word_1_264' title='bbox 538 2522 598 2576; x_wconf 88' lang='lat' dir='ltr'><strong>dass</strong></span> <span class='ocrx_word' id='word_1_265' title='bbox 649 2521 754 2587; x_wconf 81' lang='lat' dir='ltr'><strong>zieben3</strong></span> <span class='ocrx_word' id='word_1_266' title='bbox 776 2521 821 2573; x_wconf 84' lang='lat' dir='ltr'><strong>der</strong></span> <span class='ocrx_word' id='word_1_267' title='bbox 830 2521 917 2583; x_wconf 90' lang='lat' dir='ltr'><strong>Leute,</strong></span> <span class='ocrx_word' id='word_1_268' title='bbox 936 2521 978 2572; x_wconf 89' lang='lat' dir='ltr'><strong>die</strong></span> <span class='ocrx_word' id='word_1_269' title='bbox 995 2520 1081 2572; x_wconf 86' lang='lat' dir='ltr'><strong>ander</strong></span> <span class='ocrx_word' id='word_1_270' title='bbox 1093 2520 1161 2572; x_wconf 83' lang='lat' dir='ltr'><strong>bals-</strong></span> 
     </span>
     <span class='ocr_line' id='line_1_29' title="bbox 86 2585 1160 2654; baseline -0.002 -14"><span class='ocrx_word' id='word_1_271' title='bbox 86 2604 137 2640; x_wconf 90' lang='lat' dir='ltr'><strong>nun</strong></span> <span class='ocrx_word' id='word_1_272' title='bbox 163 2587 220 2639; x_wconf 90' lang='lat' dir='ltr'><strong>dem</strong></span> <span class='ocrx_word' id='word_1_273' title='bbox 244 2585 322 2639; x_wconf 90' lang='lat' dir='ltr'><strong>Sinue</strong></span> <span class='ocrx_word' id='word_1_274' title='bbox 345 2589 414 2640; x_wconf 84' lang='lat' dir='ltr'><strong>uacb&#39;</strong></span> <span class='ocrx_word' id='word_1_275' title='bbox 429 2591 493 2654; x_wconf 87' lang='lat' dir='ltr'><strong>jeue</strong></span> <span class='ocrx_word' id='word_1_276' title='bbox 510 2590 598 2642; x_wconf 87' lang='lat' dir='ltr'><strong>Worte</strong></span> <span class='ocrx_word' id='word_1_277' title='bbox 650 2587 809 2640; x_wconf 88' lang='lat' dir='ltr'><strong>brechendeu</strong></span> <span class='ocrx_word' id='word_1_278' title='bbox 832 2588 955 2640; x_wconf 79' lang='lat' dir='ltr'><strong>liletterei</strong></span> <span class='ocrx_word' id='word_1_279' title='bbox 979 2587 1160 2652; x_wconf 89' lang='lat' dir='ltr'><strong>tbeilnabmen,</strong></span> 
     </span>
     <span class='ocr_line' id='line_1_30' title="bbox 85 2654 1236 2722; baseline -0.001 -15"><span class='ocrx_word' id='word_1_280' title='bbox 85 2656 163 2708; x_wconf 75' lang='lat' dir='ltr'><strong>nabor</strong></span> <span class='ocrx_word' id='word_1_281' title='bbox 180 2655 227 2707; x_wconf 90' lang='lat' dir='ltr'><strong>mit</strong></span> <span class='ocrx_word' id='word_1_282' title='bbox 245 2671 305 2720; x_wconf 83' lang='lat' dir='ltr'><strong>cup.</strong></span> <span class='ocrx_word' id='word_1_283' title='bbox 322 2655 406 2719; x_wconf 69' lang='lat' dir='ltr'><strong>diffie.</strong></span> <span class='ocrx_word' id='word_1_284' title='bbox 420 2658 546 2718; x_wconf 80' lang='lat' dir='ltr'><strong>faciundi</strong></span> <span class='ocrx_word' id='word_1_285' title='bbox 557 2658 596 2710; x_wconf 90' lang='lat' dir='ltr'><strong>als</strong></span> <span class='ocrx_word' id='word_1_286' title='bbox 647 2654 819 2707; x_wconf 85' lang='lat' dir='ltr'><strong>konutenuur</strong></span> <span class='ocrx_word' id='word_1_287' title='bbox 835 2670 899 2722; x_wconf 85' lang='lat' dir='ltr'><strong>ganz</strong></span> <span class='ocrx_word' id='word_1_288' title='bbox 916 2655 1090 2722; x_wconf 86' lang='lat' dir='ltr'><strong>wenigesein,</strong></span> <span class='ocrx_word' id='word_1_289' title='bbox 1107 2655 1160 2707; x_wconf 88' lang='lat' dir='ltr'><strong>und</strong></span> <span class='ocrx_word' id='word_1_290' title='bbox 1227 2688 1236 2694; x_wconf 91' lang='lat'><strong>--</strong></span> 
     </span>
     <span class='ocr_line' id='line_1_31' title="bbox 85 2721 1159 2790; baseline 0 -16"><span class='ocrx_word' id='word_1_291' title='bbox 85 2725 132 2775; x_wconf 90' lang='lat' dir='ltr'><strong>mit</strong></span> <span class='ocrx_word' id='word_1_292' title='bbox 148 2723 206 2775; x_wconf 88' lang='lat' dir='ltr'><strong>dem</strong></span> <span class='ocrx_word' id='word_1_293' title='bbox 224 2723 335 2775; x_wconf 87' lang='lat' dir='ltr'><strong>Verbum</strong></span> <span class='ocrx_word' id='word_1_294' title='bbox 353 2729 436 2776; x_wconf 78' lang='lat' dir='ltr'><strong>vortit</strong></span> <span class='ocrx_word' id='word_1_295' title='bbox 452 2725 477 2776; x_wconf 93' lang='lat' dir='ltr'><strong>in</strong></span> <span class='ocrx_word' id='word_1_296' title='bbox 492 2724 597 2778; x_wconf 87' lang='lat' dir='ltr'><strong>Verbin-</strong></span> <span class='ocrx_word' id='word_1_297' title='bbox 648 2722 718 2775; x_wconf 86' lang='lat' dir='ltr'><strong>diese</strong></span> <span class='ocrx_word' id='word_1_298' title='bbox 736 2723 840 2776; x_wconf 86' lang='lat' dir='ltr'><strong>dienten</strong></span> <span class='ocrx_word' id='word_1_299' title='bbox 864 2739 911 2774; x_wconf 88' lang='lat' dir='ltr'><strong>nur</strong></span> <span class='ocrx_word' id='word_1_300' title='bbox 934 2739 979 2775; x_wconf 85' lang='lat' dir='ltr'><strong>zur</strong></span> <span class='ocrx_word' id='word_1_301' title='bbox 996 2721 1159 2790; x_wconf 86' lang='lat' dir='ltr'><strong>Bedeckung‚</strong></span> 
     </span>
     <span class='ocr_line' id='line_1_32' title="bbox 84 2789 1165 2859; baseline -0.002 -15"><span class='ocrx_word' id='word_1_302' title='bbox 84 2791 155 2858; x_wconf 85' lang='lat' dir='ltr'><strong>dung</strong></span> <span class='ocrx_word' id='word_1_303' title='bbox 173 2792 272 2844; x_wconf 88' lang='lat' dir='ltr'><strong>stebeu.</strong></span> <span class='ocrx_word' id='word_1_304' title='bbox 647 2790 740 2843; x_wconf 89' lang='lat' dir='ltr'><strong>sollten</strong></span> <span class='ocrx_word' id='word_1_305' title='bbox 754 2791 847 2844; x_wconf 83' lang='lat' dir='ltr'><strong>beineu</strong></span> <span class='ocrx_word' id='word_1_306' title='bbox 863 2789 1165 2859; x_wconf 76' lang='lat' dir='ltr'><strong>vollsttndigennngriff</strong></span> 
     </span>
     <span class='ocr_line' id='line_1_33' title="bbox 118 2858 1160 2929; baseline -0.003 -16"><span class='ocrx_word' id='word_1_307' title='bbox 118 2863 143 2913; x_wconf 82' lang='lat'><strong>4.</strong></span> <span class='ocrx_word' id='word_1_308' title='bbox 151 2860 299 2912; x_wconf 82' lang='lat' dir='ltr'><strong>coaluerat:</strong></span> <span class='ocrx_word' id='word_1_309' title='bbox 307 2859 594 2929; x_wconf 67' lang='lat' dir='ltr'><strong>,warlestgewacbsem</strong></span> <span class='ocrx_word' id='word_1_310' title='bbox 647 2858 798 2925; x_wconf 81' lang='lat' dir='ltr'><strong>auslirbren,</strong></span> <span class='ocrx_word' id='word_1_311' title='bbox 826 2860 887 2911; x_wconf 87' lang='lat' dir='ltr'><strong>aber</strong></span> <span class='ocrx_word' id='word_1_312' title='bbox 909 2859 992 2924; x_wconf 83' lang='lat' dir='ltr'><strong>wobl,</strong></span> <span class='ocrx_word' id='word_1_313' title='bbox 1020 2875 1095 2912; x_wconf 84' lang='lat' dir='ltr'><strong>wenn</strong></span> <span class='ocrx_word' id='word_1_314' title='bbox 1119 2858 1160 2911; x_wconf 89' lang='lat' dir='ltr'><strong>die</strong></span> 
     </span>
     <span class='ocr_line' id='line_1_34' title="bbox 84 2927 1159 2995; baseline -0.003 -14"><span class='ocrx_word' id='word_1_315' title='bbox 84 2928 306 2995; x_wconf 83' lang='lat' dir='ltr'><strong>eingewacbsen.“</strong></span> <span class='ocrx_word' id='word_1_316' title='bbox 645 2927 717 2979; x_wconf 80' lang='lat' dir='ltr'><strong>trinio</strong></span> <span class='ocrx_word' id='word_1_317' title='bbox 731 2927 829 2980; x_wconf 90' lang='lat' dir='ltr'><strong>bliesen</strong></span> <span class='ocrx_word' id='word_1_318' title='bbox 848 2931 900 2993; x_wconf 71' lang='grc'><strong>(94,</strong></span> <span class='ocrx_word' id='word_1_319' title='bbox 909 2930 943 2994; x_wconf 82' lang='grc'><strong>5),</strong></span> <span class='ocrx_word' id='word_1_320' title='bbox 961 2928 1010 2980; x_wconf 92' lang='lat' dir='ltr'><strong>den</strong></span> <span class='ocrx_word' id='word_1_321' title='bbox 1026 2927 1159 2980; x_wconf 87' lang='lat' dir='ltr'><strong>Scblacbt-</strong></span> 
     </span>
     <span class='ocr_line' id='line_1_35' title="bbox 116 2995 1160 3064; baseline 0.001 -17"><span class='ocrx_word' id='word_1_322' title='bbox 116 3000 302 3064; x_wconf 69' lang='lat' dir='ltr'><strong>gignentium:</strong></span> <span class='ocrx_word' id='word_1_323' title='bbox 315 3012 347 3048; x_wconf 88' lang='lat' dir='ltr'><strong>zu</strong></span> <span class='ocrx_word' id='word_1_324' title='bbox 357 2999 398 3062; x_wconf 76' lang='lat' dir='ltr'><strong>te,</strong></span> <span class='ocrx_word' id='word_1_325' title='bbox 408 3001 437 3064; x_wconf 76' lang='lat'><strong>63</strong></span> <span class='ocrx_word' id='word_1_326' title='bbox 450 2997 593 3050; x_wconf 87' lang='lat' dir='ltr'><strong>derGenet.</strong></span> <span class='ocrx_word' id='word_1_327' title='bbox 644 2995 687 3047; x_wconf 92' lang='lat' dir='ltr'><strong>rul</strong></span> <span class='ocrx_word' id='word_1_328' title='bbox 702 2995 819 3050; x_wconf 87' lang='lat' dir='ltr'><strong>erbeben.</strong></span> <span class='ocrx_word' id='word_1_329' title='bbox 856 2995 1034 3064; x_wconf 87' lang='lat' dir='ltr'><strong>Vgl.Frontin.</strong></span> <span class='ocrx_word' id='word_1_330' title='bbox 1048 2995 1125 3048; x_wconf 84' lang='lat' dir='ltr'><strong>Strat.</strong></span> <span class='ocrx_word' id='word_1_331' title='bbox 1135 2998 1160 3061; x_wconf 84' lang='lat'><strong>3,</strong></span> 
     </span>
     <span class='ocr_line' id='line_1_36' title="bbox 84 3065 1158 3133; baseline -0.002 -16"><span class='ocrx_word' id='word_1_332' title='bbox 84 3081 115 3117; x_wconf 88' lang='lat' dir='ltr'><strong>zu</strong></span> <span class='ocrx_word' id='word_1_333' title='bbox 126 3071 221 3117; x_wconf 82' lang='lat' dir='ltr'><strong>cuneta</strong></span> <span class='ocrx_word' id='word_1_334' title='bbox 240 3065 310 3130; x_wconf 77' lang='lat' dir='ltr'><strong>(nco.</strong></span> <span class='ocrx_word' id='word_1_335' title='bbox 321 3065 395 3132; x_wconf 82' lang='lat' dir='ltr'><strong>plur.)</strong></span> <span class='ocrx_word' id='word_1_336' title='bbox 414 3065 529 3133; x_wconf 76' lang='lat' dir='ltr'><strong>geborig,</strong></span> <span class='ocrx_word' id='word_1_337' title='bbox 546 3066 597 3118; x_wconf 82' lang='lat' dir='ltr'><strong>wie</strong></span> <span class='ocrx_word' id='word_1_338' title='bbox 650 3067 673 3129; x_wconf 88' lang='lat'><strong>9,</strong></span> <span class='ocrx_word' id='word_1_339' title='bbox 685 3066 718 3116; x_wconf 84' lang='lat'><strong>3:</strong></span> <span class='ocrx_word' id='word_1_340' title='bbox 738 3065 1005 3131; x_wconf 77' lang='lat' dir='ltr'><strong>Morim...pouooe</strong></span> <span class='ocrx_word' id='word_1_341' title='bbox 1024 3067 1158 3116; x_wconf 80' lang='lat' dir='ltr'><strong>centurio·</strong></span> 
     </span>
     <span class='ocr_line' id='line_1_37' title="bbox 82 3132 1158 3200; baseline 0 -17"><span class='ocrx_word' id='word_1_342' title='bbox 82 3133 124 3184; x_wconf 90' lang='lat' dir='ltr'><strong>bei</strong></span> <span class='ocrx_word' id='word_1_343' title='bbox 143 3133 203 3185; x_wconf 81' lang='lat' dir='ltr'><strong>Tac.</strong></span> <span class='ocrx_word' id='word_1_344' title='bbox 221 3133 260 3184; x_wconf 82' lang='lat' dir='ltr'><strong>Ab</strong></span> <span class='ocrx_word' id='word_1_345' title='bbox 279 3149 333 3185; x_wconf 84' lang='lat' dir='ltr'><strong>exc.</strong></span> <span class='ocrx_word' id='word_1_346' title='bbox 347 3132 372 3185; x_wconf 88' lang='lat' dir='ltr'><strong>d.</strong></span> <span class='ocrx_word' id='word_1_347' title='bbox 390 3133 420 3185; x_wconf 87' lang='grc' dir='ltr'><strong>Α.</strong></span> <span class='ocrx_word' id='word_1_348' title='bbox 437 3137 461 3195; x_wconf 85' lang='grc'><strong>3,</strong></span> <span class='ocrx_word' id='word_1_349' title='bbox 472 3137 505 3187; x_wconf 83' lang='grc'><strong>35</strong></span> <span class='ocrx_word' id='word_1_350' title='bbox 524 3135 597 3200; x_wconf 81' lang='lat' dir='ltr'><strong>quod</strong></span> <span class='ocrx_word' id='word_1_351' title='bbox 648 3147 694 3184; x_wconf 75' lang='lat' dir='ltr'><strong>nes</strong></span> <span class='ocrx_word' id='word_1_352' title='bbox 705 3133 800 3198; x_wconf 81' lang='lat' dir='ltr'><strong>quibus</strong></span> <span class='ocrx_word' id='word_1_353' title='bbox 813 3133 1024 3199; x_wconf 76' lang='lat' dir='ltr'><strong>perfectissimos</strong></span> <span class='ocrx_word' id='word_1_354' title='bbox 1039 3148 1098 3184; x_wconf 83' lang='lat' dir='ltr'><strong>cum</strong></span> <span class='ocrx_word' id='word_1_355' title='bbox 1115 3149 1158 3183; x_wconf 84' lang='lat' dir='ltr'><strong>oo·</strong></span> 
     </span>
     <span class='ocr_line' id='line_1_38' title="bbox 83 3201 1158 3269; baseline 0 -18"><span class='ocrx_word' id='word_1_356' title='bbox 83 3202 193 3267; x_wconf 78' lang='lat' dir='ltr'><strong>(patros)</strong></span> <span class='ocrx_word' id='word_1_357' title='bbox 213 3207 309 3252; x_wconf 82' lang='lat' dir='ltr'><strong>cuncta</strong></span> <span class='ocrx_word' id='word_1_358' title='bbox 327 3217 454 3253; x_wconf 80' lang='lat' dir='ltr'><strong>curarum</strong></span> <span class='ocrx_word' id='word_1_359' title='bbox 473 3202 509 3252; x_wconf 82' lang='lat' dir='ltr'><strong>ad</strong></span> <span class='ocrx_word' id='word_1_360' title='bbox 519 3205 595 3269; x_wconf 84' lang='lat' dir='ltr'><strong>prim·</strong></span> <span class='ocrx_word' id='word_1_361' title='bbox 649 3201 788 3252; x_wconf 79' lang='lat' dir='ltr'><strong>locr&#39;esimis</strong></span> <span class='ocrx_word' id='word_1_362' title='bbox 802 3201 931 3254; x_wconf 83' lang='lat' dir='ltr'><strong>militibus</strong></span> <span class='ocrx_word' id='word_1_363' title='bbox 945 3206 1098 3253; x_wconf 74' lang='lat' dir='ltr'><strong>accentores</strong></span> <span class='ocrx_word' id='word_1_364' title='bbox 1111 3204 1158 3251; x_wconf 84' lang='lat' dir='ltr'><strong>im-</strong></span> 
     </span>
     <span class='ocr_line' id='line_1_39' title="bbox 86 3271 898 3335; baseline 0.001 -16"><span class='ocrx_word' id='word_1_365' title='bbox 86 3272 171 3335; x_wconf 81' lang='lat' dir='ltr'><strong>otpom</strong></span> <span class='ocrx_word' id='word_1_366' title='bbox 188 3271 329 3319; x_wconf 83' lang='lat' dir='ltr'><strong>reicerent.</strong></span> <span class='ocrx_word' id='word_1_367' title='bbox 647 3271 799 3335; x_wconf 78' lang='lat' dir='ltr'><strong>mt&#39;rcmorat,</strong></span> <span class='ocrx_word' id='word_1_368' title='bbox 818 3272 898 3321; x_wconf 71' lang='lat' dir='ltr'><strong>misit.</strong></span> 
     </span>
     <span class='ocr_line' id='line_1_40' title="bbox 117 3335 1140 3404; baseline -0.001 -17"><span class='ocrx_word' id='word_1_369' title='bbox 117 3339 246 3403; x_wconf 79' lang='lat' dir='ltr'><strong>peruenit,</strong></span> <span class='ocrx_word' id='word_1_370' title='bbox 264 3337 337 3402; x_wconf 80' lang='lat' dir='ltr'><strong>quod</strong></span> <span class='ocrx_word' id='word_1_371' title='bbox 354 3342 444 3388; x_wconf 81' lang='lat' dir='ltr'><strong>cuncti</strong></span> <span class='ocrx_word' id='word_1_372' title='bbox 461 3343 509 3390; x_wconf 86' lang='lat' dir='ltr'><strong>etc.</strong></span> <span class='ocrx_word' id='word_1_373' title='bbox 546 3338 595 3399; x_wconf 79' lang='lat' dir='ltr'><strong>„m</strong></span> <span class='ocrx_word' id='word_1_374' title='bbox 680 3335 726 3391; x_wconf 75' lang='lat'><strong>94.</strong></span> <span class='ocrx_word' id='word_1_375' title='bbox 747 3341 769 3391; x_wconf 90' lang='lat' dir='ltr'><strong>l.</strong></span> <span class='ocrx_word' id='word_1_376' title='bbox 786 3341 893 3404; x_wconf 84' lang='lat' dir='ltr'><strong>porgit:</strong></span> <span class='ocrx_word' id='word_1_377' title='bbox 911 3336 983 3400; x_wconf 88' lang='lat' dir='ltr'><strong>Subj.</strong></span> <span class='ocrx_word' id='word_1_378' title='bbox 1002 3336 1035 3387; x_wconf 88' lang='lat' dir='ltr'><strong>ist</strong></span> <span class='ocrx_word' id='word_1_379' title='bbox 1048 3336 1140 3400; x_wconf 72' lang='lat' dir='ltr'><strong>Ligus.</strong></span> 
     </span>
     <span class='ocr_line' id='line_1_41' title="bbox 84 3402 1089 3474; baseline -0.006 -16"><span class='ocrx_word' id='word_1_380' title='bbox 84 3406 205 3474; x_wconf 84' lang='lat' dir='ltr'><strong>gelangte</strong></span> <span class='ocrx_word' id='word_1_381' title='bbox 222 3407 401 3471; x_wconf 79' lang='lat' dir='ltr'><strong>ungestbrt</strong></span> <span class='ocrx_word' id='word_1_382' title='bbox 418 3405 509 3468; x_wconf 87' lang='lat' dir='ltr'><strong>dobin,</strong></span> <span class='ocrx_word' id='word_1_383' title='bbox 534 3406 594 3458; x_wconf 83' lang='lat' dir='ltr'><strong>weil</strong></span> <span class='ocrx_word' id='word_1_384' title='bbox 682 3410 877 3470; x_wconf 80' lang='lat' dir='ltr'><strong>ornatumque:</strong></span> <span class='ocrx_word' id='word_1_385' title='bbox 896 3403 937 3455; x_wconf 86' lang='lat' dir='ltr'><strong>die</strong></span> <span class='ocrx_word' id='word_1_386' title='bbox 954 3402 1089 3469; x_wconf 85' lang='lat' dir='ltr'><strong>llleidung.</strong></span> 
     </span>
     <span class='ocr_line' id='line_1_42' title="bbox 83 3471 1055 3535; baseline -0.003 -9"><span class='ocrx_word' id='word_1_387' title='bbox 83 3474 206 3526; x_wconf 84' lang='lat' dir='ltr'><strong>alleetc.“</strong></span> <span class='ocrx_word' id='word_1_388' title='bbox 231 3471 422 3525; x_wconf 79' lang='lat' dir='ltr'><strong>Ausiubrlicber</strong></span> <span class='ocrx_word' id='word_1_389' title='bbox 436 3473 470 3526; x_wconf 88' lang='lat' dir='ltr'><strong>ist</strong></span> <span class='ocrx_word' id='word_1_390' title='bbox 483 3472 593 3525; x_wconf 82' lang='lat' dir='ltr'><strong>diellar-</strong></span> <span class='ocrx_word' id='word_1_391' title='bbox 679 3473 789 3534; x_wconf 75' lang='lat' dir='ltr'><strong>foctlim</strong></span> <span class='ocrx_word' id='word_1_392' title='bbox 806 3473 890 3534; x_wconf 80' lang='lat' dir='ltr'><strong>foret:</strong></span> <span class='ocrx_word' id='word_1_393' title='bbox 908 3487 940 3523; x_wconf 82' lang='lat' dir='ltr'><strong>uu</strong></span> <span class='ocrx_word' id='word_1_394' title='bbox 960 3474 1055 3535; x_wconf 59' lang='lat' dir='ltr'><strong>14‚‚1t.</strong></span> 
     </span>
     <span class='ocr_line' id='line_1_43' title="bbox 83 3539 1157 3608; baseline -0.006 -13"><span class='ocrx_word' id='word_1_395' title='bbox 83 3543 195 3608; x_wconf 84' lang='lat' dir='ltr'><strong>stellung</strong></span> <span class='ocrx_word' id='word_1_396' title='bbox 213 3543 255 3604; x_wconf 78' lang='lat'><strong>94,</strong></span> <span class='ocrx_word' id='word_1_397' title='bbox 268 3544 292 3593; x_wconf 88' lang='grc'><strong>3.</strong></span> <span class='ocrx_word' id='word_1_398' title='bbox 680 3540 800 3603; x_wconf 81' lang='lat' dir='ltr'><strong>offensu:</strong></span> <span class='ocrx_word' id='word_1_399' title='bbox 824 3540 877 3606; x_wconf 85' lang='lat' dir='ltr'><strong>vgl.</strong></span> <span class='ocrx_word' id='word_1_400' title='bbox 896 3539 950 3590; x_wconf 87' lang='lat' dir='ltr'><strong>Liv.</strong></span> <span class='ocrx_word' id='word_1_401' title='bbox 969 3543 993 3604; x_wconf 84' lang='lat'><strong>7,</strong></span> <span class='ocrx_word' id='word_1_402' title='bbox 1010 3541 1043 3592; x_wconf 83' lang='lat'><strong>36</strong></span> <span class='ocrx_word' id='word_1_403' title='bbox 1064 3553 1157 3604; x_wconf 74' lang='lat' dir='ltr'><strong>ereper-</strong></span> 
     </span>
     <span class='ocr_line' id='line_1_44' title="bbox 116 3607 1157 3676; baseline -0.003 -14"><span class='ocrx_word' id='word_1_404' title='bbox 116 3613 223 3662; x_wconf 80' lang='lat' dir='ltr'><strong>intentr&#39;:</strong></span> <span class='ocrx_word' id='word_1_405' title='bbox 234 3608 347 3671; x_wconf 90' lang='lat' dir='ltr'><strong>absolut;</strong></span> <span class='ocrx_word' id='word_1_406' title='bbox 355 3607 551 3676; x_wconf 81' lang='lat' dir='ltr'><strong>proeliantibus</strong></span> <span class='ocrx_word' id='word_1_407' title='bbox 561 3625 592 3661; x_wconf 86' lang='lat' dir='ltr'><strong>zu</strong></span> <span class='ocrx_word' id='word_1_408' title='bbox 643 3607 774 3659; x_wconf 74' lang='lat' dir='ltr'><strong>scandens</strong></span> <span class='ocrx_word' id='word_1_409' title='bbox 781 3608 893 3672; x_wconf 82' lang='lat' dir='ltr'><strong>uigilum</strong></span> <span class='ocrx_word' id='word_1_410' title='bbox 902 3612 1088 3658; x_wconf 81' lang='lat' dir='ltr'><strong>atratasomno</strong></span> <span class='ocrx_word' id='word_1_411' title='bbox 1099 3622 1157 3660; x_wconf 86' lang='lat' dir='ltr'><strong>eor·</strong></span> 
     </span>
     <span class='ocr_line' id='line_1_45' title="bbox 84 3675 1156 3746; baseline -0.003 -17"><span class='ocrx_word' id='word_1_412' title='bbox 84 3679 199 3730; x_wconf 82' lang='lat' dir='ltr'><strong>aderant</strong></span> <span class='ocrx_word' id='word_1_413' title='bbox 216 3677 330 3746; x_wconf 77' lang='lat' dir='ltr'><strong>geborig,</strong></span> <span class='ocrx_word' id='word_1_414' title='bbox 643 3693 713 3742; x_wconf 85' lang='lat' dir='ltr'><strong>pora</strong></span> <span class='ocrx_word' id='word_1_415' title='bbox 731 3677 806 3726; x_wconf 81' lang='lat' dir='ltr'><strong>miles</strong></span> <span class='ocrx_word' id='word_1_416' title='bbox 824 3676 925 3738; x_wconf 74' lang='lat' dir='ltr'><strong>offenso</strong></span> <span class='ocrx_word' id='word_1_417' title='bbox 938 3680 1013 3727; x_wconf 77' lang='lat' dir='ltr'><strong>conto</strong></span> <span class='ocrx_word' id='word_1_418' title='bbox 1028 3675 1156 3741; x_wconf 78' lang='lat' dir='ltr'><strong>praebuit</strong></span> 
     </span>
     <span class='ocr_line' id='line_1_46' title="bbox 118 3745 770 3813; baseline -0.003 -15"><span class='ocrx_word' id='word_1_419' title='bbox 118 3750 142 3800; x_wconf 80' lang='lat' dir='ltr'><strong>l.</strong></span> <span class='ocrx_word' id='word_1_420' title='bbox 170 3763 205 3798; x_wconf 79' lang='lat' dir='ltr'><strong>om</strong></span> <span class='ocrx_word' id='word_1_421' title='bbox 228 3748 413 3813; x_wconf 79' lang='lat' dir='ltr'><strong>praesentibus</strong></span> <span class='ocrx_word' id='word_1_422' title='bbox 434 3748 518 3797; x_wconf 76' lang='lat' dir='ltr'><strong>misit.</strong></span> <span class='ocrx_word' id='word_1_423' title='bbox 541 3745 593 3812; x_wconf 86' lang='lat' dir='ltr'><strong>vgl.</strong></span> <span class='ocrx_word' id='word_1_424' title='bbox 645 3748 770 3796; x_wconf 76' lang='lat' dir='ltr'><strong>remitum.</strong></span> 
     </span>
     <span class='ocr_line' id='line_1_47' title="bbox 83 3810 1154 3882; baseline -0.003 -15"><span class='ocrx_word' id='word_1_425' title='bbox 83 3814 193 3870; x_wconf 76' lang='lat' dir='ltr'><strong>Tacbb</strong></span> <span class='ocrx_word' id='word_1_426' title='bbox 210 3815 340 3869; x_wconf 71' lang='lat' dir='ltr'><strong>exedit.</strong></span> <span class='ocrx_word' id='word_1_427' title='bbox 352 3816 417 3882; x_wconf 62' lang='lat'><strong>‚1³7⁷</strong></span> <span class='ocrx_word' id='word_1_428' title='bbox 429 3816 522 3866; x_wconf 76' lang='lat' dir='ltr'><strong>occisis</strong></span> <span class='ocrx_word' id='word_1_429' title='bbox 538 3829 592 3864; x_wconf 83' lang='lat' dir='ltr'><strong>non</strong></span> <span class='ocrx_word' id='word_1_430' title='bbox 680 3814 703 3865; x_wconf 82' lang='lat'><strong>2.</strong></span> <span class='ocrx_word' id='word_1_431' title='bbox 728 3818 860 3864; x_wconf 77' lang='lat' dir='ltr'><strong>vetustae:</strong></span> <span class='ocrx_word' id='word_1_432' title='bbox 886 3810 1015 3864; x_wconf 87' lang='lat' dir='ltr'><strong>zwiscben</strong></span> <span class='ocrx_word' id='word_1_433' title='bbox 1039 3811 1154 3864; x_wconf 86' lang='lat' dir='ltr'><strong>welchen</strong></span> 
     </span>
    </p>
   </div>
   <div class='ocr_carea' id='block_1_5' title="bbox 883 3885 951 3951">
    <p class='ocr_par' dir='ltr' id='par_1_5' title="bbox 883 3885 951 3951">
     <span class='ocr_line' id='line_1_48' title="bbox 883 3885 951 3951; baseline 0.044 -3"><span class='ocrx_word' id='word_1_434' title='bbox 883 3885 951 3951; x_wconf 74' lang='lat' dir='ltr'><strong>&#39;rar</strong></span> 
     </span>
    </p>
   </div>
   <div class='ocr_carea' id='block_1_6' title="bbox 367 2319 765 2387">
    <p class='ocr_par' dir='ltr' id='par_1_6' title="bbox 367 2319 765 2387">
     <span class='ocr_line' id='line_1_49' title="bbox 367 2319 765 2387; baseline 0 -17"><span class='ocrx_word' id='word_1_435' title='bbox 367 2324 411 2370; x_wconf 85' lang='lat' dir='ltr'><strong>urz</strong></span> <span class='ocrx_word' id='word_1_436' title='bbox 425 2319 598 2387; x_wconf 86' lang='lat' dir='ltr'><strong>sogleicb&#39;das</strong></span> <span class='ocrx_word' id='word_1_437' title='bbox 651 2321 765 2370; x_wconf 67' lang='lat' dir='ltr'><strong>tutione.</strong></span> 
     </span>
    </p>
   </div>
   <div class='ocr_carea' id='block_1_7' title="bbox 0 0 1306 4358">
    <p class='ocr_par' dir='ltr' id='par_1_7' title="bbox 0 0 1306 4358">
     <span class='ocr_line' id='line_1_50' title="bbox 0 0 1306 4358; baseline 0 2"><span class='ocrx_word' id='word_1_438' title='bbox 0 0 1306 4358; x_wconf 95' lang='lat' dir='ltr'><strong> </strong></span> 
     </span>
    </p>
   </div>
  </div>
 </body>
</html>
