2602 4358
149 170 209 229 144
517 170 543 222 C.
562 167 714 221 SbLbUSTl
732 167 834 220 GlllSPl

149 343 234 406 tellus
245 341 634 404 ethlsilanuscousulesde
643 340 915 402 senatussententia
926 339 1092 420 provincias
1101 340 1222 404 interae

149 429 336 508 partirerant,
349 426 526 504 Metelloque
537 426 672 487 Numidia
687 434 832 500 evenerat,
844 425 904 486 acri
916 426 977 486 viro
991 439 1029 501 st,
1041 444 1222 506 quamquam

118 525 133 576 2
148 514 271 574 advorso
283 511 385 592 populi
402 511 540 591 partium,
557 512 631 572 lama
646 520 743 572 tamen
756 510 899 591 aequabili
912 520 941 571 et
955 511 1100 572 inviolata.
1123 512 1153 572 ls
1168 512 1222 574 ubi

149 600 276 678 primum
292 598 494 675 magistratum
518 597 670 676 ingressus
686 609 745 672 est,
768 596 823 657 alia
839 596 937 656 omnia
952 596 1008 656 sibi
1023 615 1091 657 cum
1107 596 1223 678 collega

117 696 133 746 t
148 694 243 757 ratus,
266 683 301 743 ad
318 682 443 756 bellum,
466 683 544 761 quod
561 690 697 760 gesturus
713 692 791 757 erat,
812 681 943 743 animum
958 683 1096 744 intendit.
1127 681 1223 761 lgitur

148 768 285 828 diffidens
295 768 386 829 reteri
398 767 538 828 exercitui
550 767 658 828 milites
669 767 808 837 scribere,
821 765 965 846 praesidia
977 767 1109 847 undique
1122 785 1222 830 arces·

148 871 231 929 sere,
254 871 334 913 arma
349 853 405 914 tela
421 871 513 932 equos
528 861 557 913 et
579 864 675 914 cetera
696 853 894 914 instrumenta
909 851 1029 914 militiae
1043 871 1163 933 parare,
1185 852 1222 915 ad

148 938 205 1000 boc
220 947 413 999 commeatum
429 938 563 1012 adfatim,
586 938 714 1016 denique
730 938 843 1011 omnia,
865 955 940 1014 quae
956 938 987 998 in
1003 937 1079 999 bello
1095 938 1177 999 vario
1193 949 1222 1002 et

118 1035 133 1085 4
148 1024 305 1084 multarum
320 1041 420 1083 rerum
436 1023 534 1100 egenti
551 1023 618 1083 usui
632 1042 697 1083 esse
709 1023 813 1083 solent
838 1021 975 1083 Ceterum
987 1023 1021 1083 ad
1034 1042 1068 1085 ea
1079 1023 1222 1103 patranda

150 1119 269 1170 senatus
284 1109 456 1168 auctoritate
472 1107 544 1168 socii
561 1127 731 1186 nomenque
746 1107 882 1168 Latinum
899 1117 929 1168 et
943 1126 1028 1187 reges
1043 1108 1122 1170 ultro
1137 1110 1222 1171 auxi·
1291 1179 1296 1188 ,

149 1193 186 1253 lia
202 1193 364 1268 mittundo,
389 1201 538 1271 postremo
555 1193 652 1254 omnis
667 1193 767 1254 civitas
781 1211 896 1253 summo
912 1194 1010 1254 studio
1023 1193 1220 1257 adnitebatur.

119 1291 134 1339 5
149 1278 251 1356 ltaque
266 1297 300 1338 er
323 1279 467 1338 sententia
483 1277 621 1339 omnibus
637 1277 726 1339 rebus
738 1277 847 1356 paratis
862 1279 1093 1358 compositisque
1112 1280 1143 1340 in
1158 1277 1223 1342 Nu·

149 1362 267 1422 midiam
283 1362 490 1441 proficiscitur,
506 1381 611 1441 magna
627 1382 680 1442 spe
694 1363 802 1424 civium
817 1381 885 1422 cum
897 1375 1020 1443 propter
1029 1364 1101 1426 artis
1116 1363 1222 1441 bonas,

150 1458 210 1508 tum
227 1466 377 1520 maxume,
400 1448 479 1527 quod
495 1449 649 1509 advorsum
666 1448 778 1509 divitias
801 1447 941 1509 invictum
957 1450 1087 1511 animum
1103 1450 1225 1529 gerebat

149 1542 178 1593 et
193 1533 309 1593 avaritia
324 1533 546 1612 magistratuum
562 1542 630 1594 ante
644 1533 674 1593 id
690 1543 807 1612 tempus
822 1533 852 1592 in
864 1533 999 1596 Numidia
1015 1544 1133 1597 nostrae
1147 1554 1224 1617 opes

149 1627 289 1679 contusae
304 1618 494 1697 hostiumque
509 1627 610 1680 auctae
626 1627 719 1679 erant.

99 1709 137 1765 44
237 1703 293 1764 Sed
310 1702 361 1764 ubi
377 1704 406 1764 in
424 1703 549 1764 hlricam
565 1703 655 1777 venit,
671 1705 817 1765 exercitus
833 1703 859 1764 ci
874 1703 1000 1765 traditur
1014 1723 1030 1765 a
1046 1703 1098 1784 Sp.
1114 1704 1223 1769 Albino

150 1788 330 1867 proconsule
345 1789 425 1849 iners
440 1788 575 1863 inbellis,
599 1807 698 1866 neque
720 1788 844 1868 periculi
860 1808 957 1869 neque
972 1789 1080 1851 laboris
1095 1789 1224 1869 patiens,

149 1874 250 1951 lingua
267 1892 354 1951 quam
370 1891 458 1933 manu
474 1875 650 1952 promptior,
666 1874 822 1953 praedator
836 1892 870 1934 ex
886 1873 975 1935 sociis
991 1875 1099 1954 etipse
1114 1876 1225 1956 praeda

119 1971 134 2020 2
149 1957 295 2031 hostium,
319 1959 383 2019 sine
398 1958 524 2038 imperio
539 1968 568 2019 et
583 1958 723 2020 modestia
738 1957 864 2020 habitus.
901 1959 943 2021 lta
959 1960 1129 2040 imperatori
1146 1980 1225 2023 novo

151 2043 219 2122 plus
235 2061 268 2104 ex
285 2043 369 2103 malis
385 2043 517 2104 moribus
533 2043 740 2105 sollicitudinis
756 2062 843 2122 quam
865 2063 900 2105 ex
915 2045 1006 2124 {copia
1027 2045 1155 2107 militum
1169 2065 1225 2109 au·

119 2141 134 2192 3
149 2127 199 2188 rili
214 2137 264 2188 aut
279 2128 341 2207 spei
356 2127 451 2188 bonae
466 2128 630 2190 accedebat.
655 2129 761 2190 Statuit
774 2137 871 2190 tamen
883 2129 1028 2206 Metellus,
1044 2149 1226 2211 quamquam

150 2221 179 2272 et
194 2213 369 2274 aestivorum
386 2221 503 2292 tempus
519 2213 705 2276 comitiorum
720 2231 802 2274 mora
818 2214 1015 2294 imminuerat,
1031 2225 1060 2277 et
1072 2225 1224 2297 exspecta·

151 2345 215 2396 nach
235 2345 330 2411 Beginn
356 2346 423 2398 ibres
440 2347 599 2410 Amtsjanres
618 2363 661 2413 ge·
712 2347 780 2412 sich,
811 2347 855 2399 der
881 2348 960 2400 Senat
978 2348 1067 2401 durch
1094 2349 1227 2403 Erthellen

151 2413 232 2464 wahlt
254 2414 473 2479 (vgl.3l‚1-3)
501 2413 551 2465 und
579 2419 660 2467 traten
712 2416 795 2468 seiner
811 2415 1018 2484 Genehmigung,
1043 2417 1084 2468 die
1107 2417 1226 2471 Bnndes·

150 2482 190 2532 ihr
198 2482 259 2531 hmt
277 2483 439 2534 unmittelbar
456 2482 575 2534 nachder
588 2484 662 2537 Wahl
713 2499 839 2550 genossen
855 2484 906 2535 und
920 2484 1018 2552 lldnige
1037 2485 1117 2538 durch
1132 2485 1227 2539 hereit-

150 2565 195 2614 an,
212 2549 355 2602 truhestens
379 2551 413 2601 im
431 2551 503 2603 Febr.
523 2554 571 2604 645
590 2554 661 2618 (109)
712 2551 808 2619 willlge
825 2552 906 2605 lldlle.

150 2618 212 2670 oder
229 2618 294 2670 noch
313 2622 406 2684 spater.
749 2624 772 2673 5.
788 2619 988 2688 proficiscitur:
999 2620 1032 2672 lls
1044 2620 1227 2689 geschahdies

185 2687 216 2736 de
233 2693 341 2736 sanatus
359 2692 489 2737 sententia
511 2687 578 2751 ben,
603 2687 662 2739 dass
714 2693 766 2740 erst
790 2691 848 2755 spat
871 2689 905 2740 im
928 2687 1043 2741 Sommer
1069 2692 1118 2742 oto
1144 2691 1227 2756 (1⁰9),

151 2755 190 2805 bei
219 2754 263 2806 der
286 2754 454 2822 Vertbeilung
480 2755 524 2808 der
550 2756 662 2808 Wunsch
713 2770 734 2807 s.
753 2758 794 2820 44,
805 2759 828 2808 3.
838 2759 862 2808 4.

150 2822 195 2872 des
214 2822 305 2873 Senats
328 2823 496 2890 massgebend
515 2838 580 2890 war,
605 2823 662 2876 dem
749 2829 775 2874 et
792 2827 966 2876 avaridaetc.
994 2822 1228 2895 lliehnknirplsng

150 2889 250 2941 Silanus
269 2890 323 2940 sich
343 2890 422 2957 ldgte.
713 2890 793 2942 durch
820 2897 847 2941 et
869 2891 918 2944 wie
936 2893 990 2944 Cat.
1012 2894 1051 2958 19,
1071 2897 1098 2956 23
1126 2910 1149 2948 s.
1165 2893 1228 2947 dort

183 2962 369 3024 pertinerent:
388 2958 662 3028 Dieactivel'ormge·
713 2959 755 3010 die
772 2961 848 3010 Anm.

151 3025 208 3075 hdrt
226 3025 270 3075 der
287 3025 367 3077 altem
386 3025 498 3092 Sprache
519 3043 559 3080 an.
747 3023 795 3081 44.
824 3032 847 3080 1.
873 3028 1037 3095 praedator:
1062 3044 1156 3097 magen
1178 3029 1228 3084 des

185 3099 323 3143 evenerat:
346 3095 400 3173 vgl.
419 3110 451 3146 zu
469 3096 524 3162 lug.
542 3099 584 3160 27,
602 3098 628 3148 4.
714 3095 784 3146 darin
803 3094 938 3162 liegenden
949 3097 1160 3167 verbalbegriffes
1179 3098 1228 3151 mit

152 3176 358 3295 vllf'lltth
373 3163 661 3284 llaedlhllli‘fhm
715 3163 1227 3302 ‘bulthen,inunt

186 3297 314 3348 aduorso:
338 3298 384 3350 mit
408 3298 432 3350 d.
456 3300 518 3352 Gen.
542 3301 592 3351 wie
616 3300 663 3350 ad·
713 3314 804 3366 wegen
822 3303 934 3367 imperio
953 3317 984 3353 zu
1002 3304 1080 3367 39‚b.

151 3368 297 3418 cursarius.
749 3370 772 3419 3.
783 3371 872 3419 aerbo.
883 3375 994 3434 tempor:
1007 3370 1064 3432 ,die
1071 3369 1112 3421 fdr
1120 3368 1229 3438 Krlegs·

186 3436 209 3485 2.
229 3434 284 3484 alio
303 3475 310 3489 .
330 3473 336 3485 .
356 3474 361 3485 .
380 3441 472 3486 ratus:
489 3435 663 3500 hletmeinte,
715 3436 948 3504 untemehmungcn
981 3439 1117 3506 geeignete
1142 3438 1227 3493 Zeit‘

151 3500 211 3554 dass
235 3502 276 3554 die
300 3504 354 3555 iibri
375 3520 407 3556 en
431 3503 578 3568 Geschdfte,
603 3503 663 3555 weil
714 3503 748 3556 So
758 3505 827 3557 steht
836 3509 936 3556 aeruca
949 3506 1076 3573 geradezu
1084 3505 1125 3557 ldr
1133 3506 1228 3568 „relu-

151 3571 206 3620 sein
229 3570 331 3639 Gollcge
354 3520 395 3624 gie
418 3570 499 3639 Surge
521 3570 664 3624 dnldrmit
714 3578 779 3640 zug“
798 3573 859 3627 llirt.
872 3573 901 3628 B.
915 3574 976 3636 (hd,
988 3578 1021 3628 46
1038 3578 1228 3640 superioribus

150 3637 201 3689 ihm
221 3655 252 3690 zu
270 3639 364 3692 theilen
384 3640 456 3703 habe,
475 3639 663 3693 niebtsoseine
714 3645 820 3692 cmtiair
840 3642 955 3694 Galliam
979 3643 1110 3694 deuictam
1129 3647 1227 3697 mbae·

151 3708 472 3772 ganzehulmerlrsamkeit
489 3708 515 3760 in
527 3708 662 3775 Anspruch
714 3715 819 3776 tumque
837 3728 899 3763 erre.

152 3774 260 3827 nlihmen
280 3777 329 3828 wie
347 3777 391 3828 der
406 3777 521 3843 jugurth.
539 3775 622 3843 llrieg.
748 3783 916 3830 comitiorum
925 3794 1014 3830 mora:
1033 3777 1074 3831 die
1091 3780 1229 3845 schonau,

185 3845 209 3894 4.
237 3851 344 3895 senatur
362 3851 410 3896 etc.
445 3844 502 3898 hlle
525 3844 662 3898 becilerten
715 3846 891 3914 berwdhnte3
911 3847 962 3913 vgl.
981 3863 1013 3899 nu
1032 3849 1098 3912 39,2
1111 3852 1229 3915 aaut
