2602 4358
167 175 230 237 204
535 176 562 229 C.
580 174 733 231 SALLUSTl
752 175 853 229 cutsrl

167 352 231 432 ipsc
245 349 354 429 aliique
368 349 487 411 llauros
503 348 660 421 invadunt,
680 348 770 409 ceteri
786 347 816 409 in
832 347 898 408 loco
916 356 1070 409 manentes
1085 347 1121 409 ab
1137 347 1246 413 iaculis

167 437 284 499 eminus
299 435 414 497 emissis
430 452 555 514 corpora
571 446 672 511 tegere
687 442 725 507 et,
745 433 770 493 si
786 433 836 511 qui
852 433 882 493 in
898 451 1004 494 manus
1019 442 1172 510 venerant,
1188 433 1246 495 oh·

137 536 151 584 5
165 530 314 585 truncare.
351 520 428 583 llum
444 538 479 580 eo
494 519 582 580 modo
598 518 713 596 equites
728 517 929 596 proeliantur,
952 518 1089 579 Bocchus
1104 537 1173 580 cum
1188 538 1247 600 pe·

168 607 287 683 ditibus,
303 624 379 685 quos
394 604 488 666 Volux
502 604 582 665 lilius
597 604 661 665 eius
676 603 835 665 adduxerat
850 620 948 682 neque
963 604 994 664 in
1011 605 1111 683 priore
1130 622 1246 684 pugna,

168 694 199 754 in
214 692 321 755 itinere
336 691 451 763 morati,
467 689 631 762 adsuerant,
647 698 826 769 postremam
837 688 1038 751 Romanorum
1054 688 1148 751 aciem
1160 690 1246 751 inva·
1265 746 1272 761 ,

137 777 251 839 odunt.
288 776 364 837 'lum
380 775 490 837 Marius
505 775 584 855 apud
606 776 720 853 primos
735 774 847 854 agebat,
863 775 944 853 quod
960 774 1001 835 ihi
1015 774 1159 854 Iugurtha
1175 792 1247 837 cum

167 861 313 942 plurumis
329 869 400 922 erat.
438 860 513 921 llein
528 860 653 921 Numida
669 861 788 937 cognito
805 860 913 920 Bocchi
935 860 1061 921 adventu
1082 860 1157 921 clam
1174 878 1246 922 cum

167 947 270 1027 paucis
288 947 324 1008 ad
341 945 455 1026 pedites
473 945 635 1019 convortit3
652 944 692 1006 ihi
704 944 807 1006 Latine
819 978 860 991 -
873 963 940 1006 narn
958 946 1037 1024 apud
1054 944 1246 1007 Numantiam

167 1031 251 1112 loqui
265 1031 407 1092 didicerat
423 1064 466 1075 —
484 1030 625 1092 exclamat
641 1039 760 1091 nostros
774 1031 882 1091 trustra
898 1048 1050 1109 pugnare:
1069 1031 1159 1110 paulo
1174 1040 1246 1092 anta

167 1117 291 1179 hiarium
307 1135 362 1178 sua
376 1134 466 1177 manu
482 1115 685 1177 interiectum:
707 1115 794 1175 simul
811 1115 939 1193 gladium
956 1117 1101 1193 sanguine
1116 1115 1246 1177 ohlitum

169 1202 335 1273 ostendere,
351 1218 439 1279 quem
455 1201 485 1262 in
502 1218 602 1280 pugna
618 1200 688 1262 satis
703 1200 820 1279 inpigre
835 1201 934 1262 occiso
945 1200 1046 1280 pedite
1057 1211 1163 1263 nostro
1174 1218 1247 1263 cru·

138 1301 151 1349 t
168 1294 326 1349 entavorat.
362 1286 447 1357 Quod
463 1285 514 1347 uhi
529 1284 637 1347 milites
652 1302 803 1365 accepere,
819 1287 912 1365 magis
927 1287 1079 1347 atrocitate
1095 1287 1138 1347 rei
1154 1304 1247 1366 quarn

168 1372 226 1434 fide
238 1371 325 1433 nunti
335 1380 495 1445 terrentur,
513 1371 661 1450 simulque
672 1370 789 1433 barbari
801 1373 914 1432 animos
925 1371 1030 1433 tollere
1042 1380 1071 1432 ct
1082 1372 1113 1433 in
1124 1371 1247 1451 percul-

138 1469 219 1521 tsos
233 1456 385 1519 Romanos
399 1457 496 1518 acrius
511 1457 658 1519 incedere.
696 1455 817 1535 lamque
839 1456 959 1536 paulum
982 1475 998 1518 a
1021 1457 1089 1534 luga
1111 1457 1246 1534 onomat,

170 1562 238 1606 cum
253 1543 335 1605 Sulla
350 1542 513 1622 profligatis
528 1543 587 1617 eis,
605 1560 681 1621 quos
697 1541 853 1603 advorsum
869 1543 952 1617 ierat,
968 1542 1086 1603 rediens
1101 1541 1138 1603 ah
1152 1542 1248 1605 latare

139 1629 280 1691 ellanris
295 1628 430 1689 incurrit.
467 1627 604 1689 Bocchus
625 1627 722 1689 statim
745 1627 897 1688 avortitur.
940 1628 978 1688 ht
992 1627 1150 1706 Iugurtha,
1174 1627 1247 1689 dum

169 1723 336 1776 sustentare
353 1731 423 1774 suos
439 1722 468 1774 et
483 1730 577 1791 prope
595 1713 652 1773 iam
674 1713 808 1792 adeptam
824 1712 974 1773 victoriam
998 1714 1126 1774 retinere
1151 1713 1247 1792 cupit,

171 1801 390 1862 circumventus
405 1797 441 1859 oh
456 1797 622 1876 equitibus,
644 1799 743 1859 dextra
759 1797 878 1859 sinistra
894 1796 1033 1859 omnihus
1049 1797 1174 1874 occisis,
1197 1816 1248 1859 so·

126 1895 155 1944 ¹0
170 1886 217 1946 lus
232 1885 311 1945 inter
325 1882 381 1944 tela
396 1882 526 1944 hostium
537 1883 714 1944 vitabundus
730 1883 868 1962 erumpit.
892 1884 987 1962 Atque
1003 1883 1122 1944 interim
1134 1882 1249 1945 Marius

170 1969 277 2049 iugatis
294 1967 444 2048 equitibus
460 1969 588 2029 accurrit
604 1968 711 2029 auxilio
729 1969 806 2042 suis,
828 1986 903 2046 quos
918 1966 988 2047 pelli
1005 1967 1060 2028 iarn
1080 1978 1248 2049 acceperat.

127 2067 153 2116 11
171 2055 307 2134 Denique
321 2054 421 2115 hostes
437 2054 494 2115 iam
509 2053 643 2132 undique
658 2053 726 2114 susi.
749 2053 826 2115 Turn
837 2052 1039 2133 spectaculum
1055 2052 1201 2115 horribile
1216 2054 1248 2115 in

170 2140 282 2219 campis
298 2138 482 2219 patentibus:
500 2139 584 2218 sequi
600 2139 712 2217 lugere,
729 2139 823 2199 occidi
839 2139 920 2218 capi;
936 2138 1006 2218 equi
1022 2146 1111 2218 atquc
1125 2138 1180 2201 riri
1195 2139 1249 2201 ad·

170 2225 252 2300 dicti,
265 2244 298 2285 ac
306 2224 391 2285 multi
402 2223 572 2284 volneribus
583 2225 713 2303 acceptis
725 2241 823 2302 neque
834 2225 938 2303 lugere
950 2242 1038 2304 possa
1050 2240 1149 2303 neque
1161 2224 1249 2303 quie·

169 2319 228 2370 tern
244 2309 322 2389 pati,
345 2308 400 2370 niti
416 2309 503 2369 modo
519 2308 665 2371 aestatim
681 2309 854 2384 concidere3
877 2316 1028 2389 postremo
1051 2308 1167 2385 omnia,
1189 2326 1249 2389 qua

170 2396 250 2455 visus
266 2402 342 2467 erat,
366 2402 514 2457 constrata
529 2394 595 2456 telis
616 2393 706 2457 armis
722 2392 925 2470 cadaveribus,
949 2402 978 2457 et
994 2395 1072 2456 inter
1087 2413 1120 2456 ea
1135 2393 1248 2457 humus

170 2480 278 2542 inlecta
292 2478 447 2558 sanguine.

119 2563 174 2619 1⁰2
259 2563 330 2625 Post
345 2583 378 2625 ea
392 2564 450 2625 loci
472 2565 577 2626 consul
599 2564 781 2627 hauddubie
803 2564 860 2624 iarn
879 2565 973 2625 victor
987 2564 1121 2644 pervenit
1142 2562 1174 2624 in
1192 2582 1266 2645 opu

141 2649 273 2729 tpidum
297 2650 420 2721 Cirtam,
444 2669 503 2731 quo
526 2650 611 2712 initio
633 2651 784 2732 proiectus
806 2649 981 2712 intenderat.
1019 2649 1063 2710 Eo
1084 2657 1153 2731 post
1167 2648 1249 2711 diem

173 2737 320 2816 quintum,
336 2754 423 2816 quam
439 2736 547 2797 iterum
559 2735 675 2797 barbari
687 2732 762 2796 male
774 2743 986 2815 pugnaverant,
1001 2734 1089 2815 legati
1099 2753 1117 2795 a
1127 2734 1249 2797 Boccho

207 2908 231 2957 5.
241 2901 539 2969 noque...adfucront:
547 2918 578 2953 an
590 2906 630 2965 11,
644 2905 682 2954 16.
734 2917 854 2968 genesen
872 2917 904 2953 au
921 2901 976 2953 sein
995 2901 1103 2954 scheint.

206 2976 299 3037 priora
315 2985 423 3037 pugna:
440 2968 485 3020 der
494 2984 516 3021 c.
527 2972 628 3023 tlt-99
638 2985 682 3036 ge·
767 2969 857 3034 pedite
874 2976 981 3021 nostro:
999 2970 1128 3022 collectis.

173 3040 335 3092 schilderten.
768 3041 792 3089 Ἰ.
820 3054 900 3103 guum
926 3039 980 3099 fida
1004 3042 1100 3089 nun&
1130 3037 1177 3090 Bel
1204 3037 1249 3091 der

207 3112 231 3162 6.
259 3107 374 3173 pedites:
408 3103 454 3156 das
481 3103 607 3156 l'usavollr
637 3103 682 3156 des
733 3103 953 3158 Schreclrlichlreit
966 3105 1250 3160 dechtschaitselhst

172 3176 298 3239 Bocchus,
314 3173 426 3225 welcher
440 3172 487 3224 mit
502 3172 610 3224 demam
621 3173 683 3224 wei·
734 3173 842 3226 dachten
868 3175 905 3226 sie
922 3189 969 3241 gar
991 3174 1062 3227 nicht
1079 3173 1175 3238 daran,
1199 3175 1250 3229 wie

172 3249 255 3296 testeo
270 3258 321 3294 ron
336 3241 431 3294 Marius
449 3239 591 3292 entsernten
607 3240 682 3291 romi·
734 3243 824 3309 garing
842 3242 883 3294 die
898 3241 1137 3309 Glauhwdrdigkeit
1154 3241 1249 3296 descen

172 3311 251 3364 schen
269 3310 395 3364 Fossvollr
417 3308 538 3376 limplte.
574 3308 627 3359 Aul
643 3307 683 3359 die
734 3311 781 3377 sei,
799 3310 844 3362 der
861 3311 1024 3379 sichrnchte;
1043 3311 1081 3362 sie
1093 3310 1249 3364 erschraken

172 3379 409 3445 Einschdchterung
434 3378 517 3430 dieser
542 3375 683 3441 Letzteren,
735 3378 803 3440 also,
829 3379 886 3430 weil
904 3381 943 3431 sie
960 3379 1001 3430 itir
1018 3379 1067 3432 den
1085 3378 1250 3446 hugenhlick

173 3448 272 3501 welche
295 3447 337 3499 die
359 3448 413 3499 lnnt
437 3445 575 3514 gernienen
595 3445 684 3496 Worte
735 3446 806 3497 mehr
815 3446 857 3498 die
866 3447 947 3499 Sache
962 3446 999 3499 nls
1013 3448 1145 3512 ehenjene
1154 3446 1251 3501 (1111111-

173 3517 272 3583 hdrten,
290 3531 376 3569 waren
395 3514 525 3567 dieselhen
539 3513 683 3565 herachnct.
736 3514 891 3582 wdrdiglreit
907 3517 933 3566 in
951 3515 1072 3568 Betracht
1089 3530 1182 3583 rogan.

173 3613 207 3624 ·-
225 3585 272 3637 Um
291 3583 392 3636 dorthin
410 3599 443 3635 ru
460 3582 578 3635 hommen
596 3581 685 3633 umritt
770 3586 794 3635 9.
819 3584 997 3636 vitabundus.-
1023 3588 1116 3650 „noter
1138 3585 1251 3637 amirei·

172 3652 232 3720 Jug.
243 3651 453 3705 wahrscheinlich
470 3650 511 3703 die
525 3649 595 3703 linire
606 3650 685 3702 Front
736 3650 850 3704 chenden
861 3651 1043 3720 Beweguugen
1056 3652 1103 3704 der
1111 3650 1250 3720 Korpers.“

172 3720 219 3773 des
236 3720 379 3774 romischen
392 3720 484 3787 unges,
502 3734 553 3784 wo,
571 3719 620 3771 wie
638 3717 684 3769 das
772 3723 811 3772 tl.
827 3724 904 3787 pati:
921 3720 1010 3774 histor.
1028 3718 1099 3772 lnfin.

173 3788 325 3857 Schweigen
336 3787 684 3851 Sallustaverrnuthenlisst‚
768 3791 835 3838 niti:
853 3789 928 3842 ndml.
947 3795 978 3841 ut
994 3794 1148 3855 negarant.

175 3856 219 3909 der
242 3856 336 3924 llampl
363 3871 403 3908 arn
434 3857 577 3924 wenigsten
601 3854 683 3922 heltig
768 3854 829 3910 ma
849 3861 871 3911 1.
890 3874 922 3908 aa
939 3859 1007 3909 loci:
1025 3858 1152 3924 1116116.
