2602 4358
143 156 184 217 74
516 158 542 210 G.
560 157 713 211 sattusrr
732 155 834 209 curse]

143 334 207 394 eins
223 330 311 402 modi,
334 330 385 409 qui
401 329 477 390 malo
493 331 535 390 rei
551 329 686 410 publicae
702 338 864 403 creverant,
887 328 1013 408 iugulari
1029 328 1125 403 iussit,
1148 330 1217 408 quis

144 436 203 478 non
228 418 336 478 lactum
359 416 422 477 eius
443 412 599 477 laudabat?
622 414 756 475 homines
779 415 919 476 scelestos
939 423 969 475 et
983 415 1138 490 factiosos,
1163 414 1216 494 qui

145 502 339 564 seditionibus
355 519 417 562 rem
432 500 580 579 publicam
598 501 822 578 exagitaverant,
837 500 942 561 merito
958 509 1077 561 necatos
1089 500 1216 562 aiebant.

99 597 129 649 3³
144 587 202 648 Sed
219 605 250 648 ea
265 605 312 647 res
328 605 451 665 magnae
466 586 581 647 initium
599 586 689 647 cladis
705 585 774 646 luit:
799 604 865 646 nam
889 587 931 646 uti
947 586 1073 665 quisque
1095 586 1217 647 domum

145 681 194 733 aut
209 672 314 745 villam,
337 681 487 750 postremo
503 691 552 733 vas
566 681 617 733 aut
631 671 835 732 vestimentum
852 671 976 732 alicuius
996 671 1217 750 concupiverat,

99 768 130 818 34
146 758 231 819 dabat
246 776 375 838 operam,
392 766 424 817 ut
439 757 463 817 is
480 757 509 818 in
525 758 760 837 proscriptorum
778 775 902 817 numero
919 765 1004 817 esset.
1027 756 1068 817 lta
1081 755 1132 831 illi,
1149 758 1216 836 qui-

145 843 200 903 bus
215 843 383 922 Damasippi
400 861 480 902 mors
495 843 620 904 laetitiae
635 843 739 916 luerat,
755 841 843 921 paulo
859 851 927 921 post
942 843 998 920 ipsi
1013 841 1218 916 trahebantur,

146 947 242 1007 neque
259 929 341 1008 prius
357 928 424 988 bnis
442 928 593 1006 iugulandi
615 927 670 988 luit
690 946 778 1006 quam
794 927 875 988 Sulla
896 928 993 988 omnis
1016 945 1087 988 suos
1109 927 1218 989 divitiis

100 1024 130 1074 35
145 1013 278 1093 explevit.
303 1017 399 1092 Atque
415 1032 470 1091 ego
485 1014 557 1074 haee
572 1031 632 1074 non
649 1013 679 1074 in
695 1014 733 1074 Μ.
747 1012 843 1072 Tullio
860 1031 957 1090 neque
972 1013 1018 1073 his
1032 1012 1220 1092 temporibus

100 1107 129 1160 36
144 1118 263 1160 vereor:
279 1099 330 1159 sed
347 1099 377 1160 in
395 1117 498 1177 magna
515 1099 628 1159 civitate
644 1098 735 1160 multa
752 1107 781 1157 et
792 1097 868 1158 varia
884 1097 1001 1177 ingenia
1013 1109 1093 1160 sunt.
1116 1098 1220 1159 Potest

144 1185 200 1244 alio
216 1193 359 1263 tempore,
375 1183 431 1244 alio
447 1184 579 1257 consule,
594 1184 642 1244 cui
659 1185 727 1245 item
740 1183 887 1244 exercitus
901 1183 931 1244 in
947 1202 1035 1244 manu
1048 1183 1095 1257 sit,
1112 1184 1220 1245 salsum

145 1269 255 1349 aliquid
267 1287 321 1348 pro
328 1287 396 1330 vero
404 1269 498 1330 credi:
512 1269 563 1330 ubi
576 1270 632 1330 hoc
645 1269 778 1348 exemplo
790 1287 844 1348 per
857 1277 976 1329 senatus
984 1269 1134 1331 decretum
1143 1287 1220 1330 con·

146 1354 192 1414 sul
204 1354 332 1432 gladium
346 1355 488 1430 eduxerit,
501 1356 568 1434 quis
580 1355 622 1414 illi
634 1357 722 1416 linem
734 1363 842 1414 statuet
854 1364 905 1415 aut
915 1355 982 1433 quis
994 1352 1219 1416 moderabitur?

100 1447 128 1498 tt
145 1439 270 1500 Maiores
287 1440 396 1512 nostri,
420 1449 517 1519 patres
534 1440 711 1520 conscripti,
735 1458 832 1518 neque
848 1439 951 1500 consili
968 1459 1066 1519 neque
1081 1440 1221 1502 andaciae

145 1544 282 1604 umquam
299 1543 423 1603 eguere;
441 1544 536 1604 neque
553 1525 609 1586 illis
625 1524 763 1605 superbia
779 1524 920 1597 obstabat,
937 1543 996 1603 quo
1011 1525 1111 1586 minus
1123 1525 1222 1587 aliena

100 1618 130 1668 35
145 1611 287 1683 instituta,
304 1611 329 1670 si
345 1610 432 1670 modo
448 1611 539 1690 proba
557 1622 650 1684 erant,
667 1611 861 1671 imitarentur.
886 1612 972 1670 Arma
988 1619 1075 1689 atque
1090 1609 1147 1671 tela
1164 1611 1221 1672 mi-

146 1728 209 1778 nacb
224 1728 298 1790 jener
312 1725 433 1778 Sclrlacbt
451 1727 495 1777 aul
503 1726 559 1780 dem
574 1727 653 1779 lllars·
705 1725 878 1793 Mdglicblreit,
898 1727 946 1778 wie
964 1727 1001 1779 sie
1020 1727 1065 1778 auf
1076 1728 1155 1790 jenen
1173 1727 1222 1779 all-

145 1795 195 1846 leld
215 1794 384 1846 niederbauen
403 1795 518 1846 liess.-
534 1796 595 1847 Sall.
617 1811 654 1847 er·
707 1795 839 1862 gemeiueu
866 1795 925 1846 Satn
948 1796 973 1846 io
998 1794 1046 1846 deu
1075 1795 1221 1862 Beispieleu

145 1863 234 1914 wbbnt
251 1862 294 1912 ibn
313 1862 377 1914 noch
397 1863 489 1914 einmal
504 1862 545 1914 Or.
557 1864 619 1915 Phil.
630 1869 653 1915 l.
708 1863 753 1913 der
762 1862 873 1928 lireissig
892 1861 944 1913 und
959 1862 1085 1916 desSnlla
1101 1864 1221 1931 gegeben

179 1931 479 1982 reclamaverant:
507 1931 551 1982 des
576 1932 654 1983 Casus
706 1931 769 1982 ist“:
789 1930 834 1981 llie
853 1930 958 1994 Rbmer,
983 1932 1080 1983 welche
1100 1933 1126 1983 iu
1146 1933 1222 1985 weit·

146 2014 236 2065 wegen
255 1999 306 2065 vgl.
327 2000 342 2065 ξ
362 2005 385 2052 5.
708 1999 1223 2064 gehenderWeisevorurtheilslreiirem-

181 2070 221 2120 33.
254 2073 403 2131 postremo:
439 2067 558 2119 sebliesst
584 2073 656 2118 soost
708 2067 739 2118 de
758 2067 955 2134 Einricblungen
975 2068 1015 2118 bei
1034 2068 1087 2119 sich
1106 2069 1222 2121 einlt'rhr-

147 2134 321 2202 lranfigdurcb
336 2134 595 2201 rerallgemeinerude
608 2135 656 2186 Zu-
708 2141 765 2200 ten,
792 2135 874 2186 haben
898 2135 978 2187 sehon
1001 2137 1093 2187 einmal
1111 2137 1158 2188 mit
1175 2137 1223 2190 der

146 2204 367 2269 sammeulassung
387 2202 435 2254 den
455 2203 592 2255 Gedoulteo
610 2204 654 2262 ab;
707 2218 759 2254 von
773 2203 822 2254 den
833 2202 955 2255 Grieehen
966 2205 1112 2256 eutlehnten
1122 2204 1222 2258 ‘l'odes-

145 2288 176 2322 zu
198 2276 276 2335 tt,3;
301 2271 363 2334 hier,
385 2271 468 2322 seioer
486 2271 656 2338 eigentlicbeu
708 2271 785 2322 stralo
811 2271 942 2323 scblimme
970 2273 1142 2338 Erlahruugeu
1173 2288 1223 2340 ge·

146 2339 296 2404 bedeutung
315 2339 379 2391 noch
399 2340 483 2402 raher,
507 2339 586 2391 durch
604 2342 655 2390 An·
708 2339 804 2398 maebt;
824 2339 903 2390 daher
920 2341 1008 2393 wurde
1026 2341 1062 2393 sie
1080 2341 1160 2393 durch
1178 2341 1223 2394 die

146 2408 255 2472 ldbruug
282 2407 387 2469 dessen,
422 2409 538 2460 wordber
565 2408 655 2460 hinaus
707 2407 748 2459 lex
769 2407 857 2459 Porcia
876 2408 1048 2475 eingediimmt
1069 2410 1121 2461 und
1139 2409 1222 2463 durch

146 2476 200 2527 sich
232 2475 307 2526 haum
337 2480 419 2527 etwas
451 2476 550 2528 derben
584 2477 674 2544 laisst.¹
707 2475 801 2529 andere
829 2476 935 2529 Gesetze
963 2478 1010 2529 mit
1035 2478 1091 2529 Eril
1117 2482 1221 2530 ersetet.

146 2543 270 2596 Aebnlich
287 2544 340 2609 lug.
361 2548 401 2606 lll,
415 2546 438 2596 2.
707 2545 788 2610 (Nach
806 2544 928 2608 Schoell.)

181 2615 221 2665 36.
229 2628 280 2678 per
289 2629 342 2662 rem
354 2613 503 2664 decretum:
516 2613 557 2665 die
566 2613 655 2680 Praep.
742 2628 854 2678 egerere:
874 2614 955 2666 llurch
965 2630 1091 2680 umquam
1105 2614 1168 2666 wird
1178 2614 1222 2667 die

145 2697 194 2747 per·
221 2696 265 2731 zur
292 2679 471 2748 Bezeichnnng
496 2681 540 2734 der
566 2680 655 2744 Sacbe,
706 2681 1222 2748 verneioendehussageanjedeodenlr·

147 2749 244 2800 welche
266 2754 347 2800 etwas
369 2751 522 2815 vermittelt,
545 2749 655 2817 moglich
707 2750 784 2802 baren
808 2749 938 2801 einzelnen
961 2750 1099 2816 Zeitpuulrt
1122 2751 1221 2818 gebun-

147 2817 246 2875 macbt,
273 2816 313 2866 die
339 2817 487 2870 Erluubniss
516 2835 547 2869 au
574 2826 655 2870 etwas
707 2817 770 2878 den;
789 2816 921 2867 haberdas
932 2816 1082 2884 Perfectum,
1097 2819 1222 2872 wibrend

146 2885 214 2949 gibt,
237 2883 282 2933 aul
297 2882 383 2934 Gruud
402 2885 478 2937 deren
504 2891 584 2938 etwas
610 2902 656 2952 ge·
725 2885 790 2936 leicb
801 2883 896 2945 darauf,
908 2899 950 2935 wo
960 2885 1043 2938 dieser
1052 2887 1137 2939 Grnnd
1149 2903 1221 2956 weg·

147 2951 257 3009 scbiebt;
286 2950 339 3015 vgl.
364 2952 418 3018 lug.
441 2956 482 3017 tt,
499 2958 525 3012 5;
553 2969 582 3004 so
606 2970 656 3019 per
706 2901 770 3016 hut,
789 2951 834 3002 das
852 2951 952 3017 lmperl.
971 2955 1048 3006 steht.

148 3021 217 3082 leges
236 3019 297 3067 licat
315 3033 339 3069 u.
356 3018 424 3085 dgl.;
443 3021 490 3070 mit
506 3037 583 3086 posse
600 3022 653 3087 lug.
740 3022 925 3084 imitarentur,
948 3023 1000 3089 vgl.
1024 3023 1114 3091 Polyb.
1133 3026 1157 3089 6,
1176 3026 1219 3089 25,

147 3092 187 3149 64,
207 3089 233 3144 3;
251 3101 301 3150 per
319 3090 483 3138 occasionem
500 3089 591 3150 faeere
604 3090 654 3139 clr'·
709 3091 751 3140 ll:
771 3082 789 3138 tl
808 3086 963 3144 συνιδόντες
982 3087 1153 3160 ε’μιμήσανιο
1170 3109 1220 3143 τα.

147 3154 213 3221 perid
238 3153 304 3204 oben
332 3155 347 3217 ἐ
372 3157 395 3206 6.
438 3154 482 3206 Die
508 3156 655 3222 llerleitung
701 3154 787 3276 ζέων
814 3151 918 3221 ἀγαθοὶ
939 3156 1003 3226 γὰρ,
1031 3156 1054 3212 el
1076 3158 1124 3210 καί
1148 3176 1221 3218 τινες

147 3238 193 3274 eus
211 3222 254 3273 der
269 3222 411 3288 ursprdngl.
428 3222 578 3291 Bedeutung
600 3225 655 3291 gibt
720 3241 803 3293 repar,
831 3224 993 3306 paralogista
1026 3224 1076 3290 loq
1104 3226 1150 3280 καὶ
1177 3229 1221 3292 ζη-

147 3288 259 3342 deutlich
277 3290 330 3356 lug.
350 3293 391 3350 ta,
411 3294 433 3342 1.
705 3292 793 3344 λώσαι
811 3308 841 3342 το
860 3293 966 3359 βέλτιον
984 3293 1012 3347 οἱ
1028 3289 1162 3364 Ῥωμαῖοι.

181 3362 222 3411 37.
247 3361 360 3408 maioris
385 3362 473 3409 nostri
498 3363 560 3411 etc:
593 3358 654 3424 „llie
742 3363 782 3414 38.
802 3377 878 3411 arma
893 3368 973 3430 utque
988 3366 1042 3416 tela
1059 3373 1109 3418 ete.
1136 3365 1220 3418 [lureh

147 3444 227 3495 ganne
251 3425 416 3494 husldbrung
438 3431 503 3478 setzt
525 3426 590 3478 noch
614 3427 655 3480 die
707 3429 749 3481 die
775 3429 904 3483 Attribute
928 3433 1058 3484 militaria
1092 3438 1134 3498 (an
1164 3434 1221 3487 eleb

147 3494 655 3576 nritdemliedonlrenomnio-mut526
708 3497 1221 3579 iiberlltissiglundmagistratuumwer·

147 3563 657 3700 tlttlt‘thlttl‘lllltlltlttt
707 3566 1221 3706 ltla‘ltltlttttttdtt{tbi

148 3701 359 3768 Vorhergebende
379 3702 394 3767 ξ
413 3703 446 3754 36
469 3700 585 3763 tbeaebte
603 3700 656 3754 bes.
708 3703 886 3770 obergestellu
904 3705 1040 3770 pleraque,
1059 3707 1171 3759 welches
1188 3722 1221 3760 nu

147 3775 234 3834 protest
253 3771 306 3821 alio
326 3770 443 3834 consola,
461 3770 515 3821 olio
531 3774 655 3836 tempore)
709 3771 800 3823 beiden
810 3772 979 3824 coordinirten
990 3771 1163 3841 Satzgliedern
1176 3791 1222 3844 ge·

148 3851 180 3887 an
199 3837 248 3888 und
266 3837 364 3890 entbalt
382 3837 422 3889 die
435 3837 517 3892 Probe
532 3838 576 3890 aul
588 3838 658 3892 diese
708 3839 773 3904 bort,
792 3839 947 3892 bescbranht
964 3840 1004 3893 die
1022 3848 1096 3894 eonst
1114 3858 1146 3895 zu
1164 3859 1223 3898 uur-
