2602 4358
142 178 203 239 172
511 182 537 233 G.
556 181 709 236 SALLUSTI
728 180 829 235 CRISPI

110 368 125 417 u
141 356 234 417 studia
251 356 377 436 partium
394 373 481 434 quam
496 354 574 415 hona
589 364 639 415 aut
653 354 727 415 mala
743 374 795 416 sua
809 354 967 416 moderata.
998 354 1157 417 Praeterea
1173 372 1222 417 se·

141 442 237 503 ditiosi
254 441 440 520 magistratus
455 440 572 518 volgum
589 440 749 518 exagitare;
772 440 922 501 Metellum
943 439 1081 502 omnibus
1100 440 1222 502 contio·

110 526 230 588 onibus
246 526 350 605 capitis
365 543 524 599 arcessere,
540 524 612 585 llari
627 526 764 586 virtutem
780 526 810 585 in
826 526 921 586 maius
936 525 1096 587 celebrare.
1125 525 1223 588 Deni-

142 630 200 691 que
215 610 317 691 plehes
333 610 375 671 sio
390 628 527 685 accensa,
551 620 584 671 ut
600 610 720 690 opifices
735 618 925 690 agrestesque
943 628 1062 683 omnes,
1086 628 1222 691 quorum

142 716 190 757 res
199 696 330 775 fidesque
342 696 373 755 in
385 694 521 757 manibus
533 695 605 756 sitae
618 706 711 772 erant,
723 695 833 756 relictis
842 695 983 775 operibus
994 696 1223 774 frequentarent

111 795 125 845 't
141 781 265 843 Marium
282 790 311 841 et
326 799 378 841 sua
394 780 559 841 necessaria
571 788 638 859 post
653 780 732 842 illius
746 780 891 842 honorem
907 781 1059 842 ducerent.
1090 782 1134 842 lta
1150 799 1218 862 per·

142 867 222 928 culsa
237 865 388 927 nobilitate
404 873 472 944 post
493 864 600 926 multas
615 872 803 945 tempestates
818 884 894 926 novo
910 866 1023 927 homiui
1044 866 1222 929 consulatus

141 952 312 1023 mandatur;
329 960 358 1011 et
369 960 471 1029 postea
483 950 641 1030 populusa
657 950 778 1012 tribuno
794 950 888 1030 plehIs
904 950 937 1011 Τ.
953 951 1063 1013 Manlio
1078 951 1222 1013 Mancino

141 1045 272 1115 rogatus,
296 1053 384 1114 quem
399 1034 486 1095 vellet
500 1053 568 1096 oum
583 1035 725 1112 Iugurtha
741 1036 851 1097 bellurn
868 1054 980 1114 gerere,
997 1037 1144 1116 frequens
1159 1036 1222 1099 Mn·

142 1122 219 1182 rium
234 1120 329 1182 iussit.
371 1120 428 1181 Sed
451 1120 540 1199 paulo
555 1132 621 1182 oute
635 1132 750 1183 senatus
766 1120 876 1183 Metello
892 1121 1062 1183 Numidiam
1079 1122 1222 1183 decreve-

143 1215 201 1267 rat:
219 1225 252 1267 ea
267 1224 315 1266 res
331 1206 439 1266 frustra
454 1205 519 1265 fuit.

92 1295 127 1353 14
227 1291 339 1351 Eodem
354 1300 488 1370 tempore
500 1290 640 1369 Iugurtha
656 1289 770 1351 amissis
786 1290 897 1363 amicis,
913 1308 1040 1369 quorum
1056 1289 1223 1371 plerosque

142 1377 207 1456 ipse
223 1384 392 1450 necaverat,
416 1375 505 1436 ceteri
528 1375 687 1436 formidine
701 1393 770 1454 pars
787 1375 822 1435 ad
837 1374 986 1437 Romanos
1001 1375 1049 1436 alii
1064 1376 1101 1436 ad
1117 1394 1223 1456 regem

141 1461 293 1522 Bocchum
308 1461 519 1541 profugerant,
544 1479 610 1521 cum
634 1479 731 1540 neque
745 1459 857 1521 bellum
872 1460 935 1538 geri
957 1461 1022 1522 sine
1037 1460 1225 1525 administris

142 1557 244 1626 posset
259 1556 287 1607 et
309 1563 452 1606 novorum
474 1546 562 1607 fldem
585 1546 616 1606 ln
638 1555 716 1606 tanta
732 1545 854 1624 perfidia
870 1552 1002 1607 veterum
1020 1546 1152 1625 experiri
1168 1566 1223 1629 pe·

143 1631 304 1693 ricufosum
321 1631 458 1705 duceret,
481 1632 578 1692 varius
593 1632 785 1709 incertusque
807 1629 941 1709 agitabat.
978 1631 1083 1709 Neque
1105 1631 1152 1693 illi
1173 1650 1224 1695 ros

143 1735 241 1794 neque
257 1716 414 1776 consilium
436 1724 487 1777 aut
501 1715 657 1795 quisquam
673 1716 827 1776 homiuum
850 1715 920 1776 satis
940 1715 1091 1795 placebat;
1113 1716 1225 1780 itinera

142 1801 368 1881 praefectosque
383 1800 414 1860 in
430 1800 492 1861 dies
506 1810 636 1875 mutare,
659 1801 747 1861 modo
763 1802 918 1862 advorsum
933 1800 1045 1875 hostis,
1066 1801 1225 1865 interdurn

143 1887 173 1947 in
191 1885 365 1946 solitudines
380 1902 515 1964 pergere,
531 1904 618 1965 saepe
634 1885 664 1946 in
680 1886 749 1962 fuga
765 1904 798 1946 ac
810 1893 877 1965 post
890 1885 978 1965 paulo
989 1886 1020 1946 in
1032 1886 1126 1947 armis
1137 1906 1226 1968 spem

33 2037 38 2045 ,
143 1970 266 2044 habere,
295 1969 444 2045 dubitare,
466 1971 565 2032 virtuti
586 1990 623 2031 an
645 1970 712 2031 frdei
735 1970 923 2050 popularium
944 1971 1044 2032 miuus
1064 1972 1222 2035 crederet:

113 2056 198 2131 lita,
222 2073 412 2135 quocumque
427 2055 607 2132 intenderat,
630 2073 678 2117 res
700 2055 838 2116 advorsae
861 2064 953 2116 erant.
990 2055 1048 2117 Sed
1070 2056 1154 2119 inter
1175 2077 1228 2121 eas

143 2159 242 2201 moras
256 2149 380 2219 repente
396 2158 460 2201 sese
472 2140 608 2202 Metellus
624 2159 692 2202 cum
709 2141 839 2201 exercitu
855 2140 984 2202 ostendit
990 2158 999 2215 ;
1021 2140 1172 2205 Numidae
1186 2143 1225 2205 ab

144 2225 285 2303 Iugurtha
300 2243 355 2304 pro
371 2234 504 2304 tempore
520 2227 612 2305 parati
628 2225 841 2305 instructique;
863 2225 930 2287 dein
946 2225 1095 2304 proelium
1110 2226 1228 2309 inpri·

114 2319 129 2371 3
143 2319 202 2371 tur.
239 2309 302 2381 Qua
318 2311 348 2369 in
365 2318 448 2388 parte
463 2328 514 2370 rex
530 2328 648 2389 pugnae
663 2310 771 2385 adfuit,
795 2310 834 2371 ihi
861 2310 1040 2391 aliquamdiu
1056 2320 1227 2389 certatum

144 2425 250 2477 hraucht
268 2425 370 2488 wiell,
383 2427 405 2490 1,
423 2424 467 2476 hat
485 2425 526 2476 die
543 2427 655 2490 zujener
706 2441 770 2477 num
790 2427 896 2478 titulum
915 2430 1075 2493 appetivere.
1103 2428 1164 2494 Vgl.
1182 2430 1229 2483 bei

144 2493 223 2546 Stelle
241 2493 407 2559 angegehene
424 2492 585 2559 Bedeutung,
608 2509 654 2546 aus
704 2493 888 2561 Sall-Fragm.
910 2494 968 2547 hlst.
993 2495 1043 2546 inc.
1077 2498 1115 2549 44
1135 2496 1180 2549 IIr.
1203 2502 1229 2565 1,

143 2561 254 2613 welcher
263 2560 317 2614 sich
327 2560 405 2612 leicht
413 2560 454 2612 die
464 2561 519 2614 hier
530 2562 654 2681 qassende
706 2565 721 2614 3
740 2561 765 2613 k.
783 2563 813 2613 Α.
834 2564 990 2629 ptura..in
1008 2563 1130 2615 dederim
1153 2581 1229 2618 con·

144 2628 328 2696 ,massgehend
346 2628 416 2680 sein“
439 2630 532 2681 entwic
552 2630 601 2695 elt,
625 2646 653 2682 so
704 2634 804 2748 posuit,
826 2647 877 2682 von
893 2632 974 2683 ciuem
986 2630 1229 2688 deeehientsehrei·

144 2697 203 2750 dass
221 2697 265 2750 der
283 2696 344 2749 Slun
364 2696 409 2749 des
425 2696 526 2750 Ganeen
544 2699 579 2750 ist
598 2699 653 2760 ,bei
724 2713 751 2750 er
768 2704 868 2765 gesegt.

144 2765 189 2817 der
221 2765 404 2832 Beurtheilung
433 2764 519 2818 beider
550 2767 655 2819 hliuner
741 2770 764 2819 6.
783 2767 967 2833 rerfidesque:
987 2765 1153 2835 ,vernogen
1172 2769 1229 2823 und

144 2848 198 2883 wer
214 2833 338 2885 vielmehr
350 2831 391 2884 dle
405 2832 656 2914 harteileidenschaft
707 2833 816 2896 creditu
835 2834 888 2902 vgl.
907 2834 953 2902 Ep.
970 2833 1061 2903 Pomp.
1078 2837 1107 2889 o.

144 2899 654 3088 tqhqllldlttlhrhttttltt
706 2903 1068 3091 qglfss'faamfflllfdi
1085 2903 1228 3029 {Ilddtf

145 3052 206 3089 oer
250 3049 314 3102 euge
327 3041 350 3088 ,¹⁴
741 3077 747 3099 ,
783 3076 789 3088 .

180 3109 204 3158 5.
232 3106 329 3169 eapitis
351 3119 500 3157 arcessere:
529 3104 590 3166 ,auf
605 3105 653 3157 den
742 3108 765 3158 I.
784 3121 856 3158 cons.
872 3105 1033 3157 mandatur:
1050 3104 1229 3163 tmdeshr

145 3171 200 3224 Tod
219 3171 371 3238 anhlegen“;
395 3171 571 3290 qerichtlicher
588 3173 655 3225 hus·
706 3175 754 3226 647
775 3175 860 3237 (llll),
884 3173 938 3226 sein
957 3172 1061 3241 Collega
1085 3176 1184 3231 vnrde
1199 3178 1231 3235 1.

145 3239 233 3303 druch,
244 3239 298 3291 hier
310 3239 394 3290 bildlic
424 3240 653 3294 vondenrlheraus
706 3241 808 3293 Cassius
826 3241 956 3309 LongInus
973 3244 1016 3307 (zu
1033 3243 1077 3307 31,
1097 3246 1132 3311 1).

144 3308 257 3376 heftigen
275 3306 523 3375 BeschuldIgungeu.
743 3308 900 3361 Malloniae:
918 3309 1122 3365 AlsVornsnren
1138 3313 1228 3381 gehen

179 3380 208 3427 in
226 3379 313 3427 maius
331 3377 480 3427 celebrare:
506 3376 593 3429 LIvius
616 3393 653 3429 er·
705 3375 805 3429 Andere
825 3376 852 3428 0.
872 3392 913 3429 an.

145 3445 233 3497 wdhnt
260 3447 294 3508 (t,
318 3446 360 3506 31)
388 3444 461 3496 einen
488 3458 518 3495 sn
539 3444 654 3497 chlichen
738 3445 1228 3517 senatur...dacroomt.·wicd2‚fd.

145 3511 337 3578 Flottenhampf
362 3511 407 3563 auf
429 3511 487 3563 dem
514 3459 590 3564 Iiher
614 3513 654 3564 bei
739 3511 782 3567 74.
804 3517 826 3566 1.
846 3513 936 3564 eodem
954 3520 1005 3567 tom
1041 3530 1090 3567 re.-
1107 3515 1149 3569 Im
1162 3518 1229 3573 vei·

144 3581 254 3633 fidenae
279 3580 316 3631 als
340 3580 396 3632 eine
418 3596 474 3631 rom
490 3581 654 3632 ...iuer-adi·
706 3584 744 3634 ter
752 3581 889 3648 folgenden
898 3582 997 3634 lrornrnt
1022 3580 1228 3641 elhznmzvef-

147 3649 266 3714 illem,
284 3651 338 3698 uiri
353 3651 507 3699 intr-diecto
519 3647 590 3709 for-fc
602 3650 654 3710 llu-
705 3653 746 3701 ten
766 3648 893 3717 Feldznge
918 3649 963 3703 des
980 3648 1120 3715 Metellus,
1145 3654 1186 3707 Im
1202 3654 1228 3709 J.

146 3721 225 3767 minis
241 3717 407 3782 prohibendo
434 3717 587 3781 aliquarum
606 3733 654 3768 rra-
705 3721 753 3770 641
773 3719 851 3782 (101).

146 3788 218 3835 oium
237 3800 395 3835 concurrum
413 3787 442 3835 in
459 3788 554 3848 maius,
573 3790 603 3838 ut
614 3785 656 3850 fit,
738 3784 883 3836 Bocchum:
905 3788 943 3850 19,
953 3788 978 3838 ’1.

147 3852 308 3904 celebrantes
331 3853 436 3903 naualis
459 3855 588 3906 uictumae
610 3870 655 3905 ua·
740 3854 1012 3919 varim..aeiraoat.·
1030 3854 1132 3923 vghn
1145 3860 1229 3927 hm.
