2602 4358
390 125 431 178 DE
450 122 549 178 numo
567 122 718 177 IUGURTH.
755 123 782 176 G.
800 125 841 176 85.
1091 115 1152 180 187

85 300 227 378 imagines
243 297 413 360 memoriam
428 298 475 359 eui
490 297 683 378 praeclarum
702 295 838 358 virtutem
854 315 915 358 non
930 298 1088 378 reliquere,
1105 320 1157 362 ue*-

84 405 144 465 que
159 392 309 466 poterent:
327 403 359 445 44
375 382 436 445 sole
452 401 549 462 neque
563 383 649 444 datur
663 382 742 442 dono
759 401 857 462 neque
871 382 1024 461 accipitur.
1055 385 1155 446 Sordi·
1172 399 1202 450 44

85 471 155 532 dum
170 489 217 533 me
232 478 261 530 et
275 468 396 530 incultis
410 468 545 529 moribus
559 468 658 544 aiunt,
681 469 750 546 quia
769 486 873 547 perum
896 467 968 528 scite
991 470 1156 532 convivium

85 574 197 618 exorno
213 574 310 634 neque
325 553 500 614 histrionem
517 554 609 614 uhum
625 571 722 631 neque
737 552 832 631 pluris
846 552 923 631 preti
941 571 1045 616 oooum
1069 574 1156 634 quem

85 641 204 703 vilioum
219 639 323 701 haheo.
354 638 435 709 Quae
449 637 522 698 mihi
538 637 620 700 lubet
635 637 779 711 confiteri,
798 637 937 708 Quirites.
967 638 1039 700 Nem
1056 659 1091 702 ex
1105 659 1158 720 pe·
1172 653 1204 703 to

84 736 171 788 rente
181 743 248 786 meo
260 723 410 785 4141141114
422 723 531 784 sanetis
543 723 612 784 viris
623 722 663 783 ite
674 723 785 801 eoeepi,
800 721 959 784 munditias
973 725 1156 801 mulieribus,

84 811 216 872 lahorem
231 809 300 870 viris
316 808 483 883 convenire,
499 806 696 887 omnibusque
711 807 798 868 honis
814 815 951 887 oportere
965 809 1033 887 pius
1048 811 1157 889 gloriae

86 914 175 976 quem
186 894 351 956 divitiarum
364 911 443 968 esse;
460 912 549 970 erma,
565 892 1048 972 4444444114441144(1444414444.
1080 895 1158 966 Quin
1173 906 1203 957 41

85 999 173 1060 ergo,
201 980 395 1059 (4444114444,
422 978 502 1058 quod
518 997 618 1040 oerum
639 985 820 1054 4444444444,
846 978 876 1039 11
897 997 1015 1058 semper
1035 979 1158 1042 iaciant:

85 1073 194 1140 ament,
210 1074 323 1145 potent,
338 1064 389 1126 uhi
403 1064 633 1142 adnleseentiem
649 1062 788 1139 habuere,
810 1063 850 1124 ihi
864 1074 1046 1126 senectutem
1062 1074 1158 1144 egent,

86 1151 117 1212 in
129 1149 278 1226 conviviis,
295 1149 384 1212 dediti
394 1149 489 1212 ventri
504 1157 533 1211 et
547 1148 746 1228 turpissumae
761 1149 837 1229 parti
852 1148 1003 1228 eorporis3
1020 1151 1159 1212 sudorem

86 1235 237 1315 pulverem
253 1242 282 1296 et
296 1234 350 1296 4114
365 1234 431 1296 talia
447 1234 617 1312 relinquent
632 1233 735 1305 nobis,
755 1233 863 1313 quihus
877 1233 925 1295 1114
941 1235 1036 1314 epuiis
1051 1237 1158 1298 14444-

84 1321 168 1382 11444
184 1328 263 1382 4444.
294 1319 403 1381 Verum
419 1338 480 1382 non
492 1319 532 1381 ite
542 1328 603 1380 est:
620 1337 687 1380 num
703 1318 754 1379 uhi
770 1337 802 1380 se
816 1318 933 1396 flagitiis
948 1320 1160 1382 dedecoravere
1171 1330 1204 1381 44

86 1404 261 1485 turpissumi
282 1403 352 1476 viri,
373 1404 523 1467 honorum
545 1403 673 1483 praemia
689 1411 824 1482 ereptum
840 1411 921 1464 eunt.
961 1405 1002 1465 144
1025 1406 1157 1468 iniustis·
1172 1415 1203 1467 43

87 1510 171 1553 sume
186 1488 301 1550 luxurie
317 1499 346 1550 et
360 1489 489 1567 ignavie,
511 1507 667 1570 pessumae
682 1497 777 1564 artes,
798 1487 872 1561 illis,
894 1488 945 1566 qui
960 1489 1078 1552 coluere
1100 1508 1159 1565 ess,

86 1575 161 1638 nihii
180 1573 324 1648 officiunt,
347 1576 390 1636 rei
406 1574 541 1653 puhlieee
557 1574 696 1636 innoxiae
714 1573 788 1634 41411
803 1580 882 1633 4441.
919 1572 1005 1634 11444
1020 1575 1160 1653 quonium
1175 1586 1207 1637 44

86 1661 155 1735 illis,
168 1669 310 1741 quantum
317 1660 375 1721 mei
385 1679 494 1736 mores,
507 1679 569 1721 non
579 1659 696 1720 illorum
706 1658 815 1737 flagitio
825 1658 996 1737 poscebant,
1008 1660 1159 1738 respondi,

86 1764 182 1826 peuce
197 1745 233 1807 14
248 1763 280 1806 44
296 1744 413 1824 publiea
431 1744 545 1824 loquer.
587 1743 718 1804 Primum
743 1742 876 1804 omnium
898 1743 934 1804 de
949 1743 1083 1805 Numidia
1105 1743 1159 1805 ho·
1173 1754 1204 1806 44

88 1849 160 1892 num
175 1830 280 1892 hebete
295 1830 436 1905 animum,
451 1829 590 1901 Quirites.
621 1828 694 1890 Nem
710 1847 786 1908 quae
799 1829 835 1889 41
849 1829 907 1890 hoo
921 1836 1038 1909 tempus
1053 1830 1159 1910 iugur-

87 1918 168 1977 them
183 1921 274 1976 444444
290 1923 377 1989 4444,
401 1915 499 1976 omniu
514 1913 695 1989 removistis,
718 1913 865 1975 avaritiam
883 1913 1050 1993 inperitiam
1072 1928 1161 1995 etque

87 1999 271 2081 superbiam:
299 1999 404 2062 deinde
420 1999 566 2063 exereitus
581 1998 621 2059 ibi
637 2006 681 2060 est
695 1997 830 2059 locorum
845 1998 958 2075 sciens,
979 1999 1029 2060 sed
1044 2000 1160 2061 meher-

88 2087 155 2147 ouie
170 2085 262 2163 magis
277 2092 417 2146 strenuus
434 2103 521 2164 quem
543 2083 628 2158 [elim
653 2101 720 2145 nem
743 2101 848 2162 magna
870 2101 939 2163 pers
963 2085 1026 2146 eius
1049 2085 1212 2146 4444141444

88 2237 198 2301 ginzem
225 2234 259 2285 im
280 2233 437 2301 Gegensntse
460 2232 528 2286 1444
552 2233 598 2287 144
650 2232 709 2286 1444
734 2249 762 2286 44
790 2233 853 2284 euch
881 2250 927 2285 vor
949 2233 1006 2286 1444
1025 2235 1160 2302 imperetis

88 2303 151 2367 folg.
168 2317 252 2366 nepus
269 2307 401 2367 poterunt.
649 2301 701 2353 441
726 2301 784 2354 dem
807 2301 896 2368 imper.
915 2303 1066 2367 (ionjunetiv
1084 2317 1161 2370 enge·

125 2369 206 2419 detur
216 2407 222 2419 .
234 2407 240 2420 .
251 2372 400 2435 sees'pttur:
410 2369 455 2422 144
465 2369 598 2423 Ρ444.444
650 2369 753 2423 4444144
763 2368 836 2422 44141.
865 2369 923 2421 Hier
941 2385 1009 2431 „nun
1026 2387 1055 2424 so
1068 2373 1161 2438 mogeu

88 2436 148 2488 dem
166 2441 265 2503 gesegt,
283 2451 337 2488 sves
352 2436 406 2489 sioh
424 2437 487 2488 thuu
506 2438 598 2490 11444.
650 2438 687 2490 414
705 2453 731 2488 4.
748 2452 770 2489 s.
787 2441 837 2490 w.“

124 2507 164 2558 39.
183 2505 337 2554 4444444444
356 2508 404 2556 444.
439 2504 525 2556 Livius
540 2509 599 2571 sugt
685 2505 1012 2569 earumaestumant:vgl.
1024 2505 1162 2570 amplexa·

87 2574 142 2637 (39,
153 2574 178 2637 6)
196 2586 246 2623 von
271 2571 400 2637 1441414,
424 2571 465 2624 die
489 2572 533 2623 441
549 2571 598 2624 den
650 2575 718 2623 mini
735 2573 789 2625 (144.
807 2574 848 2635 41,
861 2577 885 2625 4.
904 2599 937 2610 -·
955 2577 1051 2634 ament,
1068 2577 1164 2637 potent

90 2640 222 2709 syrisehen
239 2638 316 2706 Krieg
333 2640 426 2708 tolgte:
452 2645 515 2691 tone
529 2639 602 2706 psol·
654 2643 703 2692 444.
723 2639 775 2705 egl.
794 2639 848 2691 (144.
870 2642 908 2701 11,
927 2642 954 2699 6;
978 2641 1015 2702 ts,
1035 2642 1063 2699 3;
1084 2642 1124 2702 14,
1136 2642 1162 2693 2.

90 2711 160 2760 44144
185 2709 437 2774 sambeee'striaepsse
464 2714 490 2759 et
512 2711 602 2759 eonei·
688 2711 730 2760 42.
749 2723 804 2758 444
813 2710 851 2757 444
862 2713 914 2758 eet:
933 2706 1042 2759 44411141(
1051 2711 1083 2758 set
1095 2707 1163 2759 44114

89 2777 164 2827 onita
183 2775 321 2827 leodiensem
341 2777 532 2828 oblectamenta
553 2775 601 2826 ed·
652 2776 773 2841 gerenda
791 2777 867 2826 nobis
885 2775 1048 2842 relinquant.

90 2845 147 2895 (1444
166 2845 266 2911 spathe,-
285 2845 379 2911 epulae
403 2860 507 2910 quoque
527 2847 602 2911 ipsae
688 2846 728 2896 43,
756 2847 795 2894 itu
821 2847 1003 2894 iniustissume
1026 2847 1074 2896 444.
1114 2843 1163 2896 liet

91 2919 117 2964 44
134 2928 200 2964 eure
219 2919 245 2963 et
261 2918 368 2980 sumptu
392 2915 494 2963 metere
517 2928 601 2978 appe·
651 2910 715 2964 ‘Sinu
734 2912 768 2963 ist
786 2927 852 2973 „von
866 2911 1052 2979 Rechtswegen
1071 2910 1163 2964 soliten

90 2981 601 3047 4444444444·44444444,4ἰὶ4’44444444
653 2979 747 3048 344414
768 2979 920 3046 umgekehrt
941 2979 1096 3047 1141141444
1118 2979 1163 3032 des

89 3052 209 3114 antiquis
226 3052 391 3116 manetpium
413 3054 439 3099 et
457 3052 601 3100 aestimeti-
654 3051 758 3100 wuston
775 3048 873 3100 Lehens
891 3048 932 3100 die
950 3047 1046 3110 4441144,
1065 3048 1164 3100 welche

88 3133 141 3168 one
151 3123 176 3167 et
186 3132 245 3179 444,
263 3121 292 3168 in
307 3121 394 3183 pretio
410 3133 464 3167 esse
479 3122 513 3181 et,
530 3117 602 3182 qued
653 3131 681 3169 es
704 3116 809 3180 11111444,
834 3116 904 3168 nieht
927 3117 987 3168 eber
1010 3116 1060 3168 144
1084 3116 1164 3179 Stant,

90 3186 268 3235 ministerium
276 3184 377 3248 feerat,
388 3201 433 3235 ars
442 3185 536 3235 144444·
545 3200 601 3236 eoe-
653 3183 698 3237 der
721 3200 753 3237 44
775 3184 842 3236 ihrer
865 3183 1066 3252 Sehleehtigkeit
1088 3183 1164 3236 14144

89 3257 147 3318 pta.
181 3250 228 3303 Mit
244 3250 302 3302 dem
317 3253 445 3305 unmitzen
459 3251 529 3305 Koch
544 3268 601 3305 444·
652 3250 749 3305 Schuld
766 3252 835 3306 het“.

90 3318 186 3387 gleicht
204 3317 328 3371 1144144
347 3319 438 3372 14141444
455 3320 600 3374 4144114444
687 3325 728 3373 44.
756 3323 899 3372 suentium
918 3326 967 3372 etc.
1001 3318 1163 3371 1114444441

91 3388 194 3439 4444444.
652 3389 694 3442 114
703 3388 839 3455 folgenden
850 3388 951 3438 Worter
958 3386 1053 3438 144444
1067 3386 1165 3438 einseln

126 3459 168 3508 40.
192 3455 364 3520 omnibusque
386 3457 435 3506 444.
471 3456 529 3523 Vgl.
548 3457 601 3508 Get.
652 3452 1163 3522 4441344114,41414444411114441144114.

92 3527 117 3589 t,
134 3526 210 3577 4-6.
688 3524 798 3574 (444414.-
809 3521 949 3591 eutsprieht
957 3522 1028 3574 nieht
1037 3521 1095 3574 dem
1104 3537 1163 3575 444-

126 3596 169 3645 41.
188 3593 253 3657 quin
273 3629 296 3643 ..
311 3628 317 3642 .
334 3590 456 3652 furiant.-
473 3591 527 3644 4144
545 3590 603 3643 dem
653 3591 866 3658 hergegengeuen
893 3594 1025 3656 promum,
1054 3589 1164 3643 4441444

93 3659 225 3712 Gebreueh
252 3674 304 3710 444
331 3663 397 3724 quin
427 3659 454 3710 in
480 3658 525 3710 144
550 3660 603 3711 441-
653 3660 711 3726 stige
736 3674 768 3710 su
795 3657 853 3710 1441
879 3673 942 3710 nom
961 3697 967 3711 .
987 3696 993 3709 .
1016 3661 1164 3712 removistis

92 3727 243 3780 1441444144
251 3727 333 3794 Frage
342 3728 388 3778 mit
405 3725 462 3779 dem
481 3726 604 3780 141144414
655 3728 729 3780 41444
747 3726 855 3780 44441444
874 3725 1061 3779 (1444141444.

94 3798 171 3862 (puio
189 3797 284 3861 44444)
301 3794 414 3847 schreibt
432 3811 460 3849 es
478 3795 533 3849 eieh
551 3794 604 3859 her,
689 3797 730 3848 46.
749 3810 812 3846 nem
832 3833 838 3847 .
859 3834 865 3848 .
885 3833 891 3846 .
910 3797 1004 3846 (4444444
1024 3800 1075 3846 est:
1105 3793 1164 3848 11144
