2602 4358
151 169 212 229 152
520 168 547 220 C.
565 165 718 220 sattustt
737 165 840 219 CRISPl

118 356 134 407 t
149 343 247 404 omnia
263 359 376 420 regere.
411 340 513 419 ltaque
528 339 653 401 multum
669 338 725 398 diei
748 347 948 417 processerat,
971 356 1039 399 eum
1055 337 1140 399 etiam
1156 348 1221 400 tum

118 441 133 490 t
149 435 270 490 eventus
286 428 316 487 in
333 427 447 487 incerto
458 432 528 486 erat.
550 424 685 501 Denique
700 423 838 486 omuibus
852 423 952 484 labore
964 434 993 484 et
1007 434 1088 485 aestu
1104 423 1222 502 langui·

149 513 193 575 dis
208 512 360 584 Metellus,
383 510 432 571 ubi
448 510 526 572 videt
540 508 680 570 Numidas
695 508 793 569 minus
808 509 936 585 instare,
958 508 1097 588 paulatim
1113 508 1221 570 milites

149 600 180 659 in
196 615 289 659 unum
306 596 461 670 conducit,
478 595 597 655 ordines
612 593 740 654 restituit
756 603 785 654 et
799 594 929 654 cohortis
943 594 1120 672 legionarias
1135 605 1221 672 quat·

151 691 220 744 tuor
234 682 388 742 advorsum
404 679 517 760 pedites
533 679 662 740 hostium
674 678 818 739 conlocat.
843 679 953 740 Eorum
965 697 1069 758 magna
1085 698 1154 758 pars
1169 697 1221 740 su·

119 781 134 830 4
149 766 317 848 perioribus
332 767 405 827 loeis
421 765 496 826 fessa
512 765 695 825 consederat.
719 763 813 824 Simul
829 782 914 825 orare
930 774 957 824 et
974 765 1085 825 hortari
1100 763 1217 840 milites,

150 872 188 914 ne
204 853 363 912 deficerent
374 869 432 911 neu
449 857 620 930 paterentur
635 849 728 910 hostis
744 849 885 927 fugientis
899 848 1032 910 vincere:
1049 867 1147 928 neque
1161 849 1221 910 illis

150 945 243 998 castra
259 956 324 997 esse
339 954 437 1015 neque
451 936 669 996 munimentum
686 934 795 1008 ullum,
817 953 877 1013 quo
893 935 1031 995 cedentes
1045 934 1221 1009 tenderent;

120 1023 180 1084 tiu
196 1021 284 1083 armis
307 1021 404 1081 omnia
426 1020 489 1081 sita.
526 1020 583 1080 Sed
607 1038 644 1079 ne
665 1018 805 1096 Iugurtha
827 1020 944 1097 quidem
968 1019 1080 1080 interea
1102 1020 1223 1099 quietus

150 1116 226 1169 erat:
250 1106 406 1167 circumire
421 1104 549 1179 hortari,
573 1122 714 1164 renovare
729 1103 875 1183 proelium
894 1112 922 1164 et
937 1106 1000 1184 ipse
1016 1123 1084 1165 oum
1099 1104 1221 1167 deleatis

149 1199 293 1270 temptare
309 1191 425 1264 omnia;
448 1189 603 1250 subvenire
626 1189 703 1263 suis,
725 1188 861 1250 hostibus
884 1188 980 1251 dubiis
995 1189 1122 1264 instare,
1144 1207 1222 1268 quos

97 1281 136 1338 52
150 1277 251 1337 firmos
266 1284 443 1352 cognoverat
458 1275 573 1335 eminus
589 1274 748 1353 pugnando
764 1275 903 1336 retinere.
934 1274 977 1334 Eo
992 1275 1080 1335 modo
1096 1275 1175 1336 iuter
1190 1294 1224 1337 se

150 1362 208 1422 duo
226 1361 428 1439 imperatores,
444 1361 551 1420 summi
566 1359 629 1433 viri,
646 1359 807 1434 certabant,
823 1360 880 1438 ipsi
895 1378 992 1439 pares,
1008 1368 1138 1421 ueterum
1155 1359 1223 1439 opi-

118 1445 205 1508 tbus
220 1445 393 1526 disparibus.
416 1444 488 1507 Nam
502 1443 618 1506 bletello
634 1444 726 1505 virtus
741 1445 866 1505 militum
880 1453 949 1519 erat,
966 1444 1050 1506 loeus
1061 1445 1221 1520 advorsus3

118 1530 308 1609 tlugurthae
330 1530 384 1592 alia
408 1531 505 1590 omnia
529 1537 645 1609 praeter
664 1529 772 1590 militas
795 1539 973 1609 opportuna.
1011 1529 1146 1610 Denique
1162 1529 1224 1590 llo·

148 1616 238 1688 mani,
254 1616 305 1676 uhi
327 1614 503 1694 intellegunt
518 1634 616 1694 neque
630 1613 686 1674 sibi
707 1615 875 1694 perfugium
892 1634 956 1676 esse
972 1633 1069 1694 neque
1084 1615 1121 1676 ab
1135 1615 1224 1676 hoste

150 1701 264 1780 copiam
277 1700 428 1781 pugnandi
443 1700 506 1760 fieri
518 1734 559 1744 -
571 1709 601 1760 et
615 1699 671 1760 iam
687 1700 734 1760 die
745 1717 850 1778 vesper
862 1708 923 1760 erat
934 1734 985 1774 -,
997 1700 1122 1761 advorso
1134 1699 1223 1779 oolle,

118 1786 236 1846 tsiouti
259 1792 449 1864 praeceptum
470 1785 583 1860 luerat,
608 1784 742 1846 evadunt.
780 1785 895 1846 Amisso
917 1785 983 1846 loco
998 1785 1141 1847 Numidae
1162 1787 1222 1848 lusi

150 1870 316 1949 fugatique3
334 1870 421 1948 pauoi
436 1869 593 1945 interiere,
616 1869 776 1948 plerosque
790 1868 927 1931 velocitas
943 1879 972 1931 et
987 1870 1069 1948 regio
1084 1871 1222 1933 hostibus

149 1955 250 2033 ignara
265 1963 355 2016 tutata
370 1964 449 2015 suut.

120 2051 135 2100 5
234 2040 349 2101 luteraa
365 2039 526 2114 Romiloar,
543 2057 631 2117 quem
647 2039 811 2118 elephantis
827 2052 856 2099 et
870 2039 946 2118 parti
963 2040 1114 2119 copiarum
1130 2041 1223 2121 pede·

148 2124 253 2187 atrium
268 2126 448 2205 praefectum
464 2124 499 2186 ab
515 2124 657 2202 Iugurtha
672 2142 762 2203 supra
777 2123 920 2198 diximus,
942 2124 993 2186 uhi
1009 2143 1075 2186 eum
1091 2124 1223 2189 Rutilius

148 2219 386 2290 praetergressus
403 2220 463 2283 est,
487 2208 626 2288 paulatim
642 2227 713 2269 suos
735 2209 765 2268 iu
781 2227 907 2288 aequum
929 2208 1027 2270 lorum
1044 2210 1163 2272 deducit
1175 2231 1222 2286 ae,

182 2344 207 2393 2.
225 2345 331 2406 itaqua:
348 2367 383 2387 -
400 2349 427 2392 at
443 2345 490 2392 ita.
744 2342 846 2392 dubiis.-
863 2341 1005 2408 Gegensatz
1014 2359 1046 2395 zu
1054 2343 1113 2394 dem
1122 2343 1224 2410 folgen-

183 2412 207 2462 3.
235 2411 370 2460 omnihus:
394 2410 434 2461 die
453 2409 546 2462 Feinde
564 2425 593 2461 so
611 2416 658 2477 gut
710 2410 757 2461 den
770 2410 870 2471 firmor.
907 2409 1226 2477 DiebeidenSataglieder

148 2477 198 2528 wie
216 2476 257 2528 die
274 2476 374 2529 Romer.
710 2479 827 2528 hortibus
846 2517 852 2530 .
873 2519 879 2531 .
898 2516 904 2530 .
923 2482 1040 2529 rotinere
1056 2479 1147 2532 slehen
1164 2497 1225 2533 ver-

183 2545 361 2610 laga'onariaa:
384 2545 408 2595 d.
428 2545 452 2596 h.
470 2545 604 2610 romische,
623 2546 657 2597 im
709 2546 789 2613 einigt
813 2545 870 2597 dem
888 2548 1028 2598 subvenire
1045 2551 1101 2598 ruis
1124 2563 1223 2616 gegan-

148 2612 315 2666 Unterschied
325 2629 376 2665 rou
387 2613 436 2664 deu
446 2616 503 2666 aod.
514 2617 656 2666 sorianum.
708 2614 779 2666 iiber.

147 2681 219 2733 duob
251 2681 330 2734 sebon
362 2681 460 2734 damals
487 2681 574 2733 wurde
601 2682 658 2733 eine
742 2681 790 2737 52.
808 2685 832 2735 2.
852 2684 926 2734 torus
937 2683 1084 2734 advorsus.-
1101 2684 1224 2737 Ausdem

147 2749 414 2816 Legiousahtheilung,
432 2749 530 2802 welche
547 2764 593 2802 aus
606 2749 658 2801 drei
709 2750 1224 2817 vorhergehendenSatae‚woerutvolle

147 2816 275 2885 Manipelu
288 2817 658 2884 (Hastateu,Prinaipes‚Tria·
728 2818 882 2871 medicative
912 2818 1063 2886 Bedeutuug
1096 2819 1154 2885 hat,
1187 2821 1225 2874 ist

147 2885 507 3020 ttltlrttluttlttt}
528 2890 658 3005 billi
709 2834 966 3006 ltrtlltlttltb
1061 2887 1099 2941 ⁸¹⁸
1123 2889 1224 2955 ⁰⁰⁹⁰¹²

147 3019 236 3072 horton
255 3021 281 3071 in
303 3020 347 3072 der
364 3021 484 3073 Schlacht
508 3021 589 3073 selhst
607 3024 658 3073 erst
744 3025 768 3074 3.
788 3027 814 3071 et
830 3024 901 3072 ium:
919 3038 951 3073 zu
969 3023 1023 3077 Cat.
1043 3025 1083 3088 19,
1101 3025 1126 3074 2.

147 3089 196 3140 seit
213 3088 307 3141 Marius
325 3089 458 3156 aurRegel
477 3088 572 3141 wurde.
601 3088 657 3157 Vgl.
744 3090 803 3138 dio:
820 3115 855 3134 =
872 3089 942 3151 diai;
960 3091 1012 3158 vgl.
1030 3107 1061 3142 au
1079 3094 1120 3154 21,
1140 3095 1164 3145 2.

147 3172 179 3208 zu
197 3157 251 3210 Cat.
271 3159 310 3221 59,
330 3159 355 3210 2.
744 3157 857 3207 aduorso
882 3158 963 3209 oolla:
987 3158 1053 3220 „den
1070 3159 1154 3226 llttgel
1178 3177 1225 3229 ge·

181 3229 205 3276 4.
225 3223 657 3291 illis:bezeichnetwiegewdhn-
709 3223 769 3277 rade
787 3224 889 3277 hinan“.
925 3225 972 3277 Mit
989 3226 1046 3279 dem
1064 3227 1141 3280 Verb.
1159 3245 1224 3281 aaa·

146 3292 196 3343 lich
221 3293 246 3343 in
273 3292 317 3343 der
343 3292 482 3345 indirecten
506 3290 590 3356 Rode,
617 3290 657 3343 die
709 3292 772 3342 dara
798 3293 975 3358 grammatisch
1004 3310 1033 3346 so
1063 3296 1226 3365 verbunden,

146 3359 336 3427 Angeredetom
368 3361 422 3412 also
452 3359 492 3411 die
514 3363 578 3411 rom.
602 3357 657 3411 Sol·
709 3360 759 3412 wie
776 3363 851 3426 too
876 3361 922 3414 das
940 3362 1006 3414 Λᾶν.
1026 3379 1066 3415 ea.

147 3427 232 3480 daten.
267 3428 327 3495 Vgl.
346 3444 371 3481 u.
389 3443 411 3480 a.
431 3431 454 3492 8,
474 3430 502 3489 2;
521 3430 563 3493 33,
580 3430 605 3479 4.
743 3431 767 3480 4.
786 3431 950 3494 ignarasau
972 3433 1010 3494 18,
1029 3434 1053 3484 6.
1102 3460 1115 3473 ·

181 3501 205 3550 5.
223 3513 257 3548 aa
336 3496 457 3562 quidam:
475 3495 500 3546 in
520 3510 584 3563 gana
596 3494 658 3547 ihu·
743 3501 848 3550 tutoto:
864 3497 1048 3551 IlasNeutmm
1065 3497 1131 3550 uach
1149 3500 1225 3553 meh-

146 3563 224 3616 licher
241 3563 416 3631 Auhnbplung
434 3563 505 3616 Gaea.
515 3563 542 3615 B.
553 3564 579 3615 G.
590 3565 615 3626 2,
624 3565 657 3616 33
708 3577 779 3616 rerer
813 3565 949 3618 Femininis
982 3581 1048 3634 ganz
1079 3567 1129 3620 wie
1162 3569 1222 3624 Cat„

145 3639 251 3698 postero
271 3633 314 3683 dia
332 3631 435 3696 (Curio)
459 3631 605 3697 productor
624 3671 629 3682 .
650 3668 655 3680 .
709 3633 750 3697 20,
769 3637 793 3686 2.

146 3736 153 3752 .
172 3738 179 3752 .
198 3740 204 3753 .
223 3705 251 3752 in
270 3703 327 3752 arie
345 3700 485 3752 conlocat:
502 3715 536 3750 na
554 3698 657 3751 Varius
742 3705 767 3755 5.
786 3718 885 3768 supro:
903 3701 1032 3768 mimldll,
1044 3707 1065 3754 1.
1093 3701 1225 3759 Bomiletr

146 3769 251 3833 quidam
270 3769 359 3820 Attius
377 3769 656 3834 dubitataopa'oepro-
708 3769 782 3821 stand
805 3770 851 3821 aut
871 3769 1016 3821 demselben
1038 3769 1136 3838 lligel,
1159 3773 1225 3826 aber

145 3835 250 3890 durare.
710 3837 798 3890 writer
815 3837 881 3889 nach
898 3835 957 3888 dem
974 3837 1063 3890 Flusse
1080 3854 1121 3891 zu.
