2602 4358
149 158 211 217 154
516 162 541 215 G.
560 160 713 215 santusrr
731 161 833 215 GRlSPl

147 333 224 395 baud
240 333 344 412 procul
368 335 445 395 inter
465 352 496 395 se
519 345 616 410 erant,
639 335 781 417 strepitu,
803 333 883 395 velut
904 335 1003 395 hostes
1018 331 1219 408 adventarent,

147 419 229 481 alteri
241 419 320 497 apud
332 418 439 480 alteros
451 420 638 481 formidinem
651 419 738 481 simul
750 429 779 481 et
790 418 949 481 tumultum
961 419 1066 493 faeere,
1082 427 1112 479 et
1123 437 1219 498 paene

148 503 336 584 inprudentia
352 504 513 565 admissum
528 506 643 567 facinus
657 505 837 578 miserabile,
855 504 885 565 ni
901 504 1050 582 utrimque
1064 503 1219 584 praemissi

119 590 262 668 aequites
285 607 346 649 rem
364 589 603 668 exploravissent.
640 590 734 669 Igitur
756 609 811 670 pro
834 597 913 651 metu
936 598 1059 669 repente
1077 588 1218 666 gaudium

148 683 294 736 mutatur:
315 674 423 735 milites
446 674 520 736 alius
535 676 623 737 alium
640 676 707 738 laeti
722 675 889 755 appellant,
910 684 973 735 aota
989 674 1116 735 edocent
1129 683 1219 753 atque

148 759 288 833 audiunt,
314 778 365 820 sua
388 760 514 838 quisque
536 761 621 821 fortia
642 762 717 823 faeta
740 761 776 821 ad
799 760 912 822 eaelum
934 761 999 820 fert.
1036 758 1155 839 Quippe
1172 779 1220 822 res

148 846 293 906 humanae
309 845 346 905 ita
371 863 436 905 sese
458 845 581 907 habent:
605 847 635 906 in
657 846 777 907 vietoria
798 845 842 906 vel
865 845 976 925 ignaris
998 843 1119 924 gloriari
1140 844 1220 920 lieet,

148 930 286 991 advorsae
300 946 349 990 res
365 931 451 991 etiam
466 930 561 992 bonos
576 931 748 992 detrectant.

98 1013 137 1070 bt
234 1015 369 1076 Metellus
391 1016 423 1076 in
446 1016 537 1076 isdem
554 1017 656 1077 eastris
671 1015 836 1094 quadriduo
858 1023 990 1076 moratus
1011 1013 1128 1076 sauoios
1150 1033 1220 1076 oum

150 1118 220 1161 cura
237 1100 339 1173 reficit,
356 1101 476 1161 meritos
492 1101 521 1161 in
538 1101 660 1180 proeliis
675 1120 757 1162 more
772 1099 893 1161 militias
905 1099 1003 1174 donat,
1019 1099 1178 1161 univorsos
1188 1101 1220 1163 in

150 1185 289 1246 contione
304 1185 401 1246 laudat
416 1195 503 1264 atque
514 1186 575 1264 agit
590 1187 711 1264 gratias;
728 1188 873 1260 bortatur,
888 1184 924 1245 ad
939 1193 1045 1261 cetera,
1062 1203 1136 1264 quae
1148 1185 1221 1248 levia

151 1269 225 1345 sint,
249 1288 349 1349 parem
365 1271 495 1332 animum
518 1279 637 1349 gerant:
660 1289 714 1351 pro
736 1270 857 1331 victoria
880 1269 949 1331 satis
967 1270 1023 1331 iam
1044 1278 1221 1350 pugnatum,

120 1354 281 1434 treliqnos
296 1354 411 1416 labores
427 1374 481 1434 pro
498 1356 605 1435 praeda
620 1359 693 1418 fore.
730 1356 841 1417 Tamen
863 1355 982 1417 interim
1005 1355 1173 1434 transfugas
1193 1365 1224 1419 et

148 1440 222 1501 alios
237 1452 439 1521 opportunos,
461 1440 602 1518 iugurtha
618 1441 669 1503 ubi
685 1441 817 1521 gentium
833 1448 884 1502 aut
899 1441 969 1520 quid
990 1439 1129 1519 agitaret,
1153 1459 1223 1503 oum

150 1526 291 1605 paucisne
308 1533 385 1586 esset
400 1545 436 1586 an
454 1527 612 1588 exereitum
628 1527 765 1601 baberet,
787 1535 820 1587 ut
835 1544 900 1586 sese
914 1526 1008 1587 victus
1022 1533 1155 1604 gereret,
1171 1544 1223 1587 ex·

120 1610 296 1690 3ploratum
311 1611 399 1672 misit.
438 1613 475 1674 at
490 1611 539 1672 ille
554 1630 619 1674 sese
644 1613 675 1674 in
697 1613 759 1674 looa
782 1611 909 1672 saltuosa
932 1621 961 1672 at
981 1619 1086 1672 natura
1108 1611 1224 1673 munita

150 1705 312 1775 receperat,
328 1696 428 1775 ibique
440 1697 564 1775 cogebat
575 1698 733 1759 exereitum
746 1715 871 1759 numero
883 1696 1036 1757 bominum
1048 1695 1224 1775 ampliorem

150 1781 201 1841 sed
218 1781 351 1842 hebetem
367 1781 586 1861 infirmumque,
604 1783 715 1861 agrino
730 1783 848 1862 pecoris
863 1781 954 1859 magis
970 1799 1057 1859 quam
1073 1781 1142 1842 belli
1159 1780 1224 1847 oul-

120 1873 136 1923 4
150 1876 253 1927 torem.
288 1866 318 1926 ld
335 1885 368 1927 ea
384 1867 475 1944 gratia
490 1868 650 1942 eveniebat,
666 1868 745 1947 quod
758 1875 875 1946 praeter
890 1866 987 1945 regios
1002 1866 1118 1945 equites
1133 1884 1224 1929 nemo

152 1951 284 2012 omnium
299 1951 424 2013 Numida
440 1971 474 2013 ex
493 1952 564 2031 fuga
579 1971 680 2032 regem
695 1952 846 2031 sequitur;
871 1970 930 2030 quo
945 1951 1091 2030 cuiusque
1105 1951 1225 2015 animus

150 2035 223 2106 fert,
246 2055 280 2097 eo
304 2037 474 2098 discedunt:
498 2056 596 2116 neque
617 2038 646 2099 id
668 2038 812 2116 flagitium
832 2037 952 2098 militiae
974 2037 1107 2110 ducitur3
1130 2037 1171 2098 ita
1191 2055 1225 2099 se

121 2129 136 2179 5
151 2139 248 2182 mores
261 2121 378 2183 habent.
401 2121 495 2200 Igitur
506 2122 651 2198 Metellus,
666 2122 717 2185 ubi
731 2122 808 2184 videt
817 2121 896 2200 regis
911 2121 996 2183 etlam
1014 2131 1076 2182 tum
1091 2122 1224 2185 animum

152 2207 282 2269 ferocem
298 2225 379 2282 esse,
401 2207 510 2268 bellum
526 2209 676 2284 renovari,
700 2208 778 2287 quod
796 2207 853 2267 nisi
868 2225 903 2268 en
918 2205 998 2268 illius
1011 2206 1145 2268 lubidine
1160 2207 1226 2286 geu

151 2338 258 2390 munden
282 2338 334 2389 und
358 2339 469 2390 dadurcb
492 2339 537 2391 das
565 2340 660 2400 fomi-
712 2339 811 2406 lrdmpft
829 2340 874 2402 sei,
892 2339 1001 2391 sondern
1019 2355 1067 2392 nur
1084 2338 1126 2390 die
1142 2337 1226 2392 Bente

151 2406 239 2456 dinem
258 2445 264 2459 .
285 2444 291 2458 .
309 2405 412 2472 faeere,
436 2408 508 2458 velut
526 2411 569 2472 (si)
594 2409 658 2459 bost
711 2424 769 2460 zum
787 2406 896 2459 Zueelre
914 2407 1006 2460 baben.

151 2474 255 2524 advent.
273 2479 336 2526 statt
353 2474 438 2528 finden
447 2475 552 2540 bonate,
570 2492 660 2544 wegen
747 2479 769 2528 2.
789 2480 921 2540 agitaret:
938 2475 984 2527 mit
1001 2477 1049 2527 ubi
1063 2479 1185 2540 gentium
1199 2475 1225 2526 in

151 2543 223 2594 velut
240 2542 341 2594 endlich
359 2544 411 2611 vgl.
430 2543 523 2597 libuli.
546 2548 567 2608 1,
585 2548 609 2609 6,
629 2548 659 2598 25
712 2544 818 2597 anderen
840 2543 991 2610 Bedeutung
1015 2542 1163 2595 verbunden
1186 2544 1226 2596 als

150 2627 236 2676 saepe,
257 2612 327 2662 uelut
341 2616 530 2677 gemmantur
541 2617 660 2678 riguum
711 2614 757 2665 mit
775 2613 849 2679 quid.

151 2695 202 2744 qua
210 2681 360 2745 probaram,
376 2697 425 2746 par
435 2697 543 2732 euersum
553 2685 662 2732 memini
746 2685 771 2734 4.
789 2698 820 2733 ea
830 2682 940 2745 gratio:
950 2704 983 2725 =
992 2682 1048 2730 eius
1057 2682 1099 2730 rei
1110 2683 1209 2744 potia
1215 2697 1227 2740 ,-

150 2763 191 2797 me
210 2751 326 2812 tetigisse
343 2765 459 2800 monum.
713 2752 793 2813 80,4;
812 2748 857 2800 das
876 2747 993 2800 ahnliobe
1010 2745 1175 2814 undbinfrge
1194 2765 1226 2799 aa

186 2818 210 2867 8.
228 2821 365 2866 mutatur:
389 2818 414 2867 in
432 2817 488 2868 dem
508 2815 592 2881 Sinus,
612 2816 661 2868 wie
712 2832 795 2869 coma
818 2816 883 2879 (Cat.
903 2817 946 2880 52,
964 2816 989 2879 'll
1014 2815 1049 2868 ist
1070 2815 1228 2869 natdrlicber

152 2886 302 2946 83,1;85,
324 2885 550 2949 lb;vgl.nu38,
572 2888 609 2937 10.
690 2898 803 2949 -uegen
822 2881 867 2934 der
885 2882 1037 2950 Bedeutung
1057 2898 1108 2934 von
1134 2899 1226 2936 omo.
1268 2906 1272 2913 ·

185 2957 265 3000 stiam
293 2953 353 3003 bon.
381 2952 543 3002 meruerant.-
566 2975 599 2994 =
619 2952 661 3011 fa·
713 2949 906 3017 Entspreohend
924 2951 957 3004 ist
974 2950 1020 3003 der
1028 2950 1161 3005 Gebruuob
1173 2967 1226 3004 von

151 3022 228 3069 oium
250 3025 280 3068 ut
304 3022 384 3068 etium
402 3022 465 3069 boni
482 3018 662 3068 recrearentur
714 3023 737 3069 is
754 3032 882 3069 numerus
899 3019 942 3082 (zu
960 3022 1003 3086 35,
1015 3023 1040 3082 fi)
1059 3019 1111 3071 und
1129 3018 1183 3086 dgl.
1197 3018 1226 3073 S.

151 3086 175 3137 d.
194 3086 210 3139 i.
233 3084 309 3147 ,dass
336 3086 401 3137 anob
427 3085 468 3137 die
490 3085 590 3137 Braven
612 3085 661 3138 den
713 3085 778 3137 auch
795 3101 827 3136 zu
845 3086 861 3152 ξ
880 3089 904 3139 6.

152 3153 299 3206 verdienten
318 3153 401 3206 Ruhm
419 3153 568 3206 verlieren“.
747 3168 822 3203 amno
842 3169 911 3205 omn.
931 3152 1065 3218 Numida5
1082 3155 1136 3221 vgl.
1159 3157 1225 3219 tur

185 3220 230 3277 54.
269 3226 291 3275 l.
315 3223 483 3287 quadriduo:
511 3222 560 3274 Der
576 3222 661 3275 ablat.
712 3222 1130 3290 pleraquaaaPuna'ofroppfda5
1148 3225 1192 3288 30,
1201 3227 1226 3276 4.

153 3307 202 3343 ron
222 3290 266 3342 der
284 3290 454 3357 eigentlieben
468 3290 602 3345 Zeitdauer
619 3291 664 3342 auf
748 3306 781 3340 eu
803 3289 887 3354 sbga:
914 3289 962 3342 Der
983 3289 1045 3342 Sina
1068 3291 1113 3343 ist:
1143 3290 1227 3345 Wenn

153 3359 290 3425 dieFrage,
308 3359 374 3420 ,wie
392 3359 512 3425 langef“,
531 3360 580 3411 wie
597 3358 661 3411 anob
713 3356 755 3410 die
767 3356 840 3409 Num.
860 3358 944 3411 baben
960 3358 1055 3411 flieben
1066 3362 1180 3425 noussen,
1197 3374 1226 3413 so

152 3430 192 3480 bei
220 3427 329 3479 anderen
358 3426 484 3480 Schriftst.
507 3429 581 3493 jener
607 3427 663 3479 Zeit
713 3425 825 3493 gebietet
842 3425 918 3478 ibnen
936 3425 1054 3479 dieSitts
1072 3426 1151 3492 niobt,
1170 3427 1228 3480 siob

153 3496 298 3561 bisweilen,
326 3496 368 3547 bei
390 3500 508 3564 spateren
536 3493 662 3561 biufiger3
715 3509 764 3545 von
782 3494 828 3545 der
837 3494 926 3547 Fluobt
943 3509 989 3548 aus
1001 3493 1096 3547 wieder
1114 3511 1157 3547 um
1176 3496 1227 3549 dea

153 3566 224 3617 Suet.
248 3563 337 3616 Tibe
363 3563 508 3629 (Tiberius)
532 3568 662 3615 comatam
714 3561 796 3629 lldnig
822 3578 853 3614 zu
881 3563 1004 3615 sammeln
1036 3562 1089 3615 und
1114 3563 1166 3615 ibru
1195 3580 1228 3617 ou

154 3633 269 3685 Gallium
288 3648 358 3683 niuno
376 3632 433 3694 fere
451 3634 531 3684 nouit.
713 3630 813 3698 fulgen,
840 3630 949 3682 soudern
971 3631 1007 3683 sie
1031 3630 1113 3697 geben
1138 3631 1228 3686 wolin

187 3701 303 3766 reliquos
386 3700 461 3760 fore:
480 3698 537 3760 ,die
556 3698 663 3767 dbrigen
712 3699 750 3750 sie
768 3699 870 3752 wollen.
1161 3716 1164 3723 ’

152 3770 367 3835 Anatrengungen
386 3767 491 3820 uuirdon
510 3766 580 3820 nieht
592 3767 662 3819 mebr
747 3771 772 3818 5.
792 3767 888 3817 toftum
907 3803 913 3816 .
932 3804 939 3819 .
958 3765 1044 3831 quod:
1072 3765 1130 3826 ,ein
1149 3765 1229 3834 llrieg

153 3834 202 3888 den
225 3836 300 3903 Sieg,
328 3837 372 3889 der
398 3836 478 3889 sebon
504 3834 599 3888 wieder
625 3849 663 3886 er·
713 3850 763 3885 ron
782 3833 827 3886 der
843 3836 897 3897 Art,
915 3833 974 3886 dass
993 3849 1020 3887 er
1037 3838 1104 3886 eto.“
