2602 4358
148 185 211 247 102
518 187 544 237 G.
561 183 716 239 senensi}
734 182 836 236 cmsel

149 358 229 440 qnod
253 357 466 420 difficillumum
493 357 571 419 inter
594 356 726 418 mortalis
752 363 810 432 est,
836 354 929 434 gloria
954 354 1093 417 invidiam
1112 354 1224 418 vicisti.

119 457 135 508 a
150 445 247 519 Nunc,
264 443 404 523 quoniam
419 443 491 503 mihi
507 453 609 504 natura
624 443 712 503 finem
726 441 800 502 vitae
815 440 894 515 iacit,
911 459 964 520 per
975 440 1225 519 beneolentem,

147 548 204 612 per
217 529 302 608 regni
317 528 403 589 fidem
419 546 526 589 moneo
542 527 732 606 obtestorque
748 535 792 600 te,
816 525 859 587 uti
874 525 945 599 hos,
963 527 1013 604 qui
1037 525 1089 586 tibi
1110 544 1225 606 genere

148 613 327 695 propinqui,
349 612 492 674 beneficio
514 631 579 673 meo
602 613 809 685 immensum,
833 628 917 672 caros
939 610 1048 673 habeas
1063 628 1121 672 nen
1137 611 1225 675 malis

119 712 134 761 4
150 699 263 761 alienos
279 698 440 777 adiungere
456 715 543 777 quam
558 697 703 776 sanguine
720 695 898 758 coniunctos
913 695 1050 758 retinere.
1087 696 1155 758 Non
1171 715 1225 758 ex·

149 783 257 845 arcitus
274 802 370 862 neque
393 783 524 844 thesauri
539 782 683 862 praesidia
697 781 782 861 regni
798 790 883 855 sunt,
906 799 1007 842 verum
1023 781 1125 855 amici,
1146 800 1225 863 quos

148 886 246 948 neque
262 869 350 930 amnis
366 885 473 946 cogere
489 886 586 946 neque
602 886 673 929 auro
690 884 794 946 parare
811 884 915 946 queas:
939 866 1038 928 officio
1054 875 1083 928 et
1096 867 1154 929 fide
1169 886 1225 948 pa·

118 967 133 1017 5
149 953 276 1015 riuntnn.
311 953 384 1024 Quis
399 959 496 1015 antem
511 951 633 1013 amicior
648 970 736 1031 quam
750 952 842 1013 irater
856 948 960 1013 fratri?
982 959 1033 1013 ant
1047 970 1136 1032 quem
1150 952 1225 1015 alie·

118 1051 133 1101 6
149 1057 220 1100 num
235 1038 325 1099 fidum
341 1038 490 1113 invenies,
513 1038 537 1099 si
553 1038 612 1098 tuis
633 1037 727 1098 hostis
748 1033 863 1097 fueris?
898 1035 1044 1115 Equidem
1066 1055 1120 1116 ego
1138 1036 1225 1099 vobis

149 1142 275 1202 regnum
292 1123 375 1184 trado
390 1124 518 1197 firmum,
534 1122 560 1183 si
574 1121 646 1184 boni
662 1121 752 1198 eritis,
775 1121 822 1182 sin
837 1120 916 1191 mali,
932 1120 1113 1184 inbecillum.
1149 1122 1225 1185 Nam

149 1208 306 1269 concordia
322 1226 427 1288 parvae
450 1227 499 1270 res
522 1214 677 1281 crescunt,
699 1205 844 1266 discordia
866 1223 1017 1267 maxumae
1041 1207 1223 1269 dilabuntur.

118 1306 132 1355 7
149 1292 285 1354 Ceterum
297 1301 366 1355 ante
379 1292 435 1354 hos
451 1301 490 1369 te,
505 1292 656 1371 Iugurtha,
672 1291 724 1372 qui
736 1297 829 1351 aetate
841 1300 869 1351 et
879 1290 1021 1369 sapientia
1033 1293 1118 1372 prior
1127 1311 1170 1369 es,
1185 1312 1225 1354 ne

149 1377 236 1438 aliter
252 1378 321 1457 quid
337 1379 450 1440 eveniat
465 1378 619 1458 providere
634 1378 727 1438 decet.
760 1375 834 1437 Nam
849 1375 880 1436 in
896 1376 978 1437 omni
996 1377 1157 1440 certamine
1171 1378 1225 1457 qui

150 1462 322 1542 opulentior
337 1475 391 1538 est,
407 1464 493 1524 etiam
510 1463 535 1524 si
546 1462 654 1542 accipit
668 1461 817 1535 iniuriam,
832 1469 941 1534 tamen,
957 1461 1024 1540 quia
1036 1463 1104 1542 plus
1114 1470 1224 1543 potest,

118 1562 133 1612 8
148 1549 245 1608 iacere
257 1548 382 1609 videtur.
405 1548 581 1624 vosautem,
599 1547 743 1610 Adherbal
757 1554 786 1608 et
793 1546 954 1626 Hiempsal,
969 1547 1056 1609 colite
1071 1547 1225 1611 observate

149 1631 236 1694 talem
252 1633 333 1696 hunc
347 1633 459 1709 vinnom
476 1633 630 1696 imitamini
645 1633 781 1695 virtutem
797 1642 827 1692 et
841 1631 998 1707 enitimini,
1014 1651 1053 1693 ne
1068 1650 1124 1712 ego
1139 1633 1225 1696 meli·

149 1736 216 1779 ores
231 1718 342 1779 liberos
357 1719 520 1799 sumpsisse
535 1719 633 1780 videar
647 1736 734 1799 quam
751 1716 921 1796 genuisse.“

97 1813 130 1866 11
234 1803 277 1864 Ad
294 1822 327 1863 ea
343 1802 500 1883 iugurtha,
517 1803 631 1865 tametsi
647 1821 746 1882 regem
761 1804 827 1863 ficta
843 1802 975 1863 locutum
991 1800 1183 1881 intellegebat
1197 1811 1227 1864 et

148 1887 211 1966 ipse
228 1887 316 1965 longe
332 1887 416 1949 aliter
429 1889 527 1950 animo
542 1889 678 1967 agitabat,
693 1897 791 1949 tamen
808 1905 862 1967 pro
877 1895 1012 1966 tempore
1029 1885 1160 1966 benigne
1175 1905 1224 1949 rc·

148 2069 234 2138 Scipio
252 2069 420 2124 denRomern
439 2071 659 2138 clemiciaco)
712 2070 880 2137 zuvcrlissig'
901 2071 951 2122 wie
983 2067 1028 2122 der
1052 2071 1228 2139 Angehorige,

150 2144 233 2205 eaput
258 2154 348 2189 rerum
381 2143 410 2190 in
443 2144 518 2190 omni
544 2142 660 2191 nocuum
712 2138 776 2190 wird
804 2155 845 2191 um
871 2154 901 2190 so
928 2138 1041 2204 weniger
1070 2154 1116 2191 cnr
1141 2138 1226 2193 Trans

147 2211 281 2272 'equitata
712 2222 795 2273 gegen
814 2207 863 2257 den
882 2207 986 2274 geneigt
1003 2208 1067 2272 sein,
1085 2206 1135 2260 den
1153 2208 1226 2259 erim

182 2279 330 2341 postomo:
349 2289 380 2325 nn
399 2274 452 2326 Cat.
471 2279 512 2340 51,
531 2277 572 2328 33.
713 2274 812 2326 offenen
832 2274 939 2341 Kampfe
962 2274 1010 2326 mit
1029 2274 1078 2327 den
1103 2275 1225 2343 Seinigen

183 2342 332 2392 invidiam:
366 2341 474 2394 nimlich
505 2343 589 2395 seiner
613 2342 661 2394 Ge·
713 2342 793 2402 sieht;
814 2345 866 2392 tuin
885 2343 1024 2409 hangtvon
1039 2342 1097 2395 dem
1115 2342 1228 2396 verbun-

148 2409 414 2462 sihrtenimnumant.
425 2409 524 2478 Kriege.
542 2411 660 2478 vgl.6,1.
712 2410 794 2462 denen
813 2411 896 2461 onem
913 2409 1000 2471 fucris
1017 2411 1058 2463 ab.

183 2481 207 2529 3.
233 2494 282 2544 per
308 2479 378 2528 hanc
403 2478 555 2530 dexteram:
591 2479 660 2531 Nach
747 2482 770 2530 6.
789 2478 926 2545 equidm:
944 2495 975 2530 nn
994 2479 1048 2531 (int.
1060 2482 1101 2543 51,
1114 2482 1153 2532 15.
1176 2478 1228 2531 Der

149 2545 207 2598 dem
217 2545 442 2613 Sprachgebranch
460 2562 512 2600 von
530 2549 574 2597 nic
591 2546 660 2598 kann
712 2546 856 2612 Gegensatz
867 2563 897 2597 nn
908 2546 965 2598 dem
984 2562 1033 2612 agn
1050 2547 1119 2613 liegt,
1126 2547 1154 2600 in
1165 2547 1226 2600 dem

148 2629 196 2666 nnr
213 2613 253 2665 die
271 2613 343 2665 Hand
361 2614 407 2667 des
425 2613 660 2682 Sprechenden
712 2615 759 2666 mit
768 2614 1007 2681 eingeschlossenen
1017 2613 1155 2667 Gedanken
1176 2630 1225 2678 „an

148 2682 261 2748 gemeint
279 2682 341 2744 sein,
362 2683 411 2734 wie
428 2682 498 2735 diese
512 2683 661 2750 Beziehung
713 2682 778 2734 euch
804 2683 866 2734 aber
891 2683 925 2734 ist
949 2697 993 2748 es,
1019 2681 1065 2735 das
1087 2682 1228 2750 Gegebene

148 2749 214 2801 anch
232 2750 257 2802 in
268 2749 662 2818 dersteigerndenFortsetznng
713 2750 865 2803 unversehrt
882 2766 914 2801 zn
932 2750 1071 2802 erhalten“.

150 2816 196 2869 des
223 2816 389 2883 Gedankens‚
411 2835 461 2886 por
481 2826 561 2885 regni
581 2820 660 2882 fidem
748 2822 771 2868 7.
791 2823 868 2868 ante:
891 2818 985 2870 erklart
1002 2818 1057 2871 sich
1074 2832 1161 2884 senen
1178 2833 1228 2872 ans

148 2884 279 2936 enthalten
297 2885 345 2936 ist:
361 2902 481 2952 peream
499 2887 588 2951 fidem,
606 2903 659 2953 qua
713 2885 771 2938 dem
789 2885 979 2938 Zwischensatz
1004 2890 1052 2952 qui
1068 2891 1159 2937 natata
1176 2891 1227 2940 etc.

149 2968 203 3002 csse
222 2952 296 3002 dccet
312 2969 368 3017 me,
392 2958 440 3018 qni
462 2970 576 3020 regnum
594 2957 660 3006 obti-
746 2969 810 3005 nam
837 2955 982 3005 concordia
999 2983 1032 2992 -
1051 2954 1229 3007 dilabuntur.-

147 3035 233 3070 neam.
712 3021 882 3088 Wahlspmch
892 3021 937 3074 des
947 3022 980 3074 M.
992 3020 1093 3090 Vipsan.
1101 3023 1230 3143 Agripsn,

183 3091 207 3140 4.
225 3091 389 3153 pariuntur:
424 3087 473 3139 Der
490 3087 609 3141 Wechsel
626 3089 661 3140 im
712 3090 758 3141 des
776 3090 904 3142 Freundes
921 3089 974 3142 und
992 3089 1162 3156 Mitregenten
1198 3107 1230 3145 es

147 3154 282 3207 Ansdruck
307 3155 372 3207 nach
401 3171 468 3206 auro
491 3172 594 3222 parare
618 3157 661 3208 hat
713 3160 858 3225 Augustum
877 3173 898 3209 a.
916 3157 975 3210 Sen.
994 3173 1034 3224 ep.
1053 3159 1095 3211 94.

149 3222 214 3274 auch
233 3223 306 3275 einen
330 3223 434 3276 inneren
452 3223 552 3287 Grani,
576 3223 661 3277 indem
749 3229 772 3279 8.
794 3224 1230 3279 observanmczeichnetaienuf-

147 3291 206 3342 doit
224 3305 256 3343 an
274 3291 320 3343 das
338 3291 475 3357 limantem
496 3291 658 3345 Verschaffen
714 3292 895 3346 merksamkeit
918 3309 1001 3361 gegen
1018 3292 1078 3360 Jng.
1096 3293 1122 3345 in
1148 3295 1231 3362 allen,

148 3359 218 3410 einer
236 3359 273 3411 als
291 3360 370 3412 schon
385 3360 532 3412 vorhanden
550 3359 659 3428 gedach·
712 3362 795 3414 selbst
811 3360 913 3414 kleinen
924 3362 975 3414 und
986 3360 1165 3414 iusserenDin
1185 3377 1229 3417 en.

147 3431 191 3479 ten
217 3426 311 3494 Sache,
339 3427 393 3480 hier
419 3443 451 3480 an
478 3427 524 3480 das
551 3429 658 3480 Hervor-
749 3430 843 3480 talem:
879 3429 977 3496 Wegen
1008 3429 1053 3481 der
1086 3429 1159 3496 speci
1196 3445 1231 3489 en

150 3496 264 3562 bringen,
282 3494 400 3548 Schaffen
424 3497 494 3548 einer
511 3511 593 3548 neuen
611 3496 658 3548 Ge·
713 3495 861 3563 (lobenden)
893 3497 1045 3564 Bedentnng
1077 3497 1132 3565 vul.
1159 3501 1186 3563 4,
1214 3504 1232 3552 4

146 3565 258 3631 sinnung
275 3564 387 3631 gedacht
409 3563 481 3616 wind.
520 3563 576 3615 Ter.
594 3564 658 3616 Eun.
713 3565 805 3631 quales
832 3568 901 3629 υίνίς
927 3565 1009 3617 iernen
1035 3568 1060 3631 6,
1077 3567 1106 3626 ὃς
1134 3568 1179 3630 63,
1198 3571 1233 3628 ὃς

148 3636 172 3696 i,
199 3635 224 3696 2,
250 3634 282 3685 69
316 3636 395 3699 cupio
430 3632 536 3698 aliquos
563 3647 660 3698 parcre
714 3635 771 3693 112,
790 3636 814 3686 3.

147 3703 246 3750 amicos
265 3701 391 3763 beneficio
409 3717 474 3754 mco.
744 3701 785 3754 11.
808 3706 828 3752 1.
846 3717 896 3767 pro
916 3707 1052 3767 tempore:
1071 3699 1234 3762 ,mecenio

182 3771 206 3818 o.
242 3783 318 3832 quem
354 3769 471 3819 alienum
507 3772 556 3819 etc.
610 3765 659 3819 Der
711 3769 920 3836 gegenwirtigen
944 3766 1084 3820 Umstinde
1107 3769 1236 3840 nerlang-

147 3833 267 3900 Fremde,
292 3835 371 3888 schon
396 3851 427 3887 an
451 3835 507 3888 sich
533 3835 605 3888 nicht
629 3851 658 3888 so
711 3842 785 3896 ten“;
805 3851 834 3888 so
852 3853 902 3903 pro
920 3839 1054 3895 amicitia,
1074 3837 1099 3901 9,
1116 3838 1144 3891 2.
