2602 4358
303 110 337 142 „
403 159 444 211 nu
462 158 544 212 cour.
563 159 665 212 carru.
702 160 727 212 c.
746 162 855 214 aa-ea.
1129 158 1169 217 45

96 343 172 399 rant.
202 333 296 414 Igitur
312 333 342 394 C.
358 332 499 394 Manlium
514 332 652 394 Faesulas
667 341 755 412 atque
770 332 801 393 in
817 351 880 394 eam
895 343 1009 412 partem
1024 333 1169 410 Etruriae,
1188 339 1224 394 27

98 421 275 501 Septimium
292 418 438 498 quendam
455 416 616 479 Camertem
633 418 663 479 in
680 436 784 497 agrurn
796 417 950 493 Picenum,
967 418 998 480 C.
1011 418 1119 480 lulium
1135 421 1166 481 in

97 506 232 586 Apuliam
248 504 372 578 dimisit;
389 511 540 582 praeterea
557 503 645 564 alium
661 503 727 577 alio,
744 521 832 582 quem
843 503 955 582 ubique
966 513 1170 584 opportunum

97 592 152 653 sibi
168 593 233 652 lore
248 588 402 651 credebat·
424 588 539 650 Interea
560 587 670 649 Romae
691 587 782 649 multa
803 588 891 648 simul
912 588 1025 650 moliri:
1049 590 1200 651 insidiast

96 677 228 751 tendere,
244 692 348 755 parare
363 673 515 746 incendia,
536 681 704 752 opportuna
718 673 782 734 loca
797 674 915 734 armatis
930 674 1102 735 hominibus
1117 675 1170 736 ob·

95 761 208 835 sidere;
224 760 289 840 ipse
305 777 372 820 cum
387 758 446 819 telo
462 776 543 833 esse,
558 758 628 819 item
643 757 716 818 alios
731 759 849 832 iubere,
871 759 981 821 hortari
998 759 1040 820 uti
1054 777 1171 840 semper

95 847 202 909 intenti
222 844 375 924 paratique
389 852 504 917 essent3
522 843 583 904 dies
599 842 755 922 noctisque
768 842 909 904 festinare
924 844 1053 923 vigilare,
1073 863 1171 924 neque

95 930 254 992 insomniis
269 948 365 1008 neque
380 927 480 989 labore
496 927 619 1006 fatigari.
976 972 977 975 ,

181 1015 351 1086 Postremo,
368 1013 524 1075 ubimulta
540 1013 668 1092 agitandi
684 1011 757 1073 nihil
772 1013 923 1091 procedit,
942 1032 1047 1076 rursus
1061 1014 1201 1076 intem-a

96 1108 179 1180 pesta
205 1108 293 1161 nocte
319 1099 532 1161 coniurationis
557 1098 709 1178 principes
739 1106 881 1160 convocat
907 1099 943 1160 ad
970 1099 1009 1159 M.
1031 1098 1169 1160 Porcium

95 1185 231 1261 Laecam,
245 1185 346 1263 ibique
360 1184 452 1245 multa
464 1185 500 1245 de
511 1184 624 1262 ignavia
637 1201 740 1244 eorum
753 1192 875 1263 questus
887 1183 973 1244 docet
984 1203 1016 1246 se
1028 1183 1170 1246 Manlium
1184 1195 1200 1245 4

94 1270 284 1350 praemisisse
298 1270 334 1330 ad
349 1288 412 1330 eam
427 1268 656 1343 multitudinem,
672 1287 761 1347 quam
776 1268 812 1329 ad
829 1269 974 1348 capiunda
989 1288 1068 1331 arma
1084 1288 1169 1348 para-

95 1364 185 1429 verat,
200 1356 270 1417 item
285 1354 358 1416 alios
373 1354 404 1414 iu
417 1355 472 1415 alia
483 1355 547 1414 loca
559 1365 738 1432 opportuna,
754 1354 806 1432 qui
818 1353 934 1414 initium
948 1354 1016 1414 belli
1027 1356 1170 1426 lacerent,

95 1459 188 1521 seque
204 1441 239 1501 ad
252 1439 412 1501 exercitum
427 1439 576 1518 proficisci
591 1457 711 1517 cupere,
727 1439 751 1499 si
764 1438 848 1517 prius
861 1438 1032 1500 Ciceronem
1044 1450 1169 1520 oppres·

95 1527 198 1599 sisset3
215 1543 282 1587 eum
298 1524 361 1584 suis
376 1524 509 1585 consiliis
530 1523 655 1584 multum
674 1524 802 1584 officere.
833 1522 927 1601 Igitur
947 1526 1112 1603 perterritis
1133 1543 1168 1586 ac
1184 1528 1221 1585 28

96 1610 298 1673 dubitantibus
315 1609 430 1681 ceteris,
446 1605 478 1668 C.
491 1605 645 1669 Cornelius
665 1627 757 1687 eques
779 1607 929 1669 Romanus
950 1627 1071 1687 operam
1085 1628 1169 1670 suam

95 1695 246 1775 pollicitus
267 1703 296 1754 et
311 1712 379 1754 cum
394 1711 429 1754 eo
444 1692 478 1753 L.
494 1692 691 1771 Vargunteius
702 1701 824 1754 senator
836 1693 1018 1756 constituere
1033 1714 1067 1755 ea
1082 1702 1170 1755 noete

95 1779 268 1860 paulopost
286 1797 353 1840 cum
370 1779 489 1840 armatis
510 1777 680 1839 hominibus
702 1778 790 1840 sicuti
812 1778 968 1840 salutatum
988 1779 1112 1840 introire
1133 1780 1169 1840 ad

96 1863 270 1926 Ciceronem
288 1883 322 1925 ac
337 1864 373 1925 de
388 1863 539 1943 inproviso
555 1863 634 1924 domi
650 1883 720 1925 suae
735 1864 900 1942 inparatum
912 1865 1080 1926 confodere.
1112 1862 1169 1924 Cu·
1184 1874 1212 1924 u:

95 1950 159 2011 rius
173 1949 225 2010 ubi
240 1949 401 2027 intellegit,
423 1957 565 2028 quantum
581 1948 746 2028 periculum
763 1948 880 2009 consuli
895 1949 1077 2029 impendeat,
1098 1969 1169 2029 pro-

129 2063 173 2118 27.
200 2069 222 2117 1.
250 2065 397 2116 Manlium.-
429 2065 482 2131 vgl.
507 2068 555 2130 24,
580 2069 604 2118 2.
658 2080 699 2117 ser
725 2065 812 2132 chig
838 2067 883 2118 der
906 2081 974 2131 gem
1000 2067 1097 2117 Porcia
1124 2066 1168 2117 be·

95 2134 169 2185 Catil.
187 2133 258 2185 hatte
281 2133 324 2183 ihn
349 2133 396 2184 mit
413 2133 531 2185 Anderen
554 2149 606 2186 von
657 2133 745 2184 kannt.

94 2201 359 2253 EtrurieunachRom
376 2201 494 2253 hominen
512 2202 605 2266 lasseu,
691 2205 715 2254 4.
741 2204 867 2265 ignauia:
894 2202 920 2252 iu
943 2201 1031 2268 bezug
1058 2201 1103 2253 aul
1127 2200 1168 2253 die

94 2269 419 2336 umseineBewerbuugzu
429 2273 605 2322 uuterstdtzen
656 2269 833 2336 mislungenen
850 2269 939 2323 Plane.

95 2336 158 2404 (rgl.
177 2337 227 2390 Cic.
245 2353 270 2404 p.
289 2336 352 2389 blur.
369 2340 421 2402 49).
690 2335 738 2393 28.
759 2341 781 2388 1.
802 2336 954 2388 Cornelius:
972 2337 1168 2405 vgl.1'l,4uud

130 2420 203 2456 cam:
226 2404 251 2456 d.
268 2405 285 2456 i.
304 2421 373 2470 quoe
391 2409 465 2456 circa
484 2422 542 2456 eam
559 2423 605 2457 ur·
656 2421 687 2456 zu
713 2409 751 2470 18,
768 2408 794 2457 ¹2.
813 2406 864 2456 Cic.
882 2421 919 2457 or.
937 2423 962 2473 p.
980 2405 1052 2457 Sulla
1071 2408 1116 2471 18,
1134 2409 1166 2458 52

96 2473 153 2521 dent
166 2477 217 2535 eat‚·
234 2471 338 2538 vgldd,
349 2475 364 2524 3
375 2489 407 2522 aa
418 2474 486 2524 loco.
513 2473 606 2525 Solche
657 2481 713 2523 tum
732 2479 793 2523 tuate
809 2479 896 2538 pater,
915 2473 1031 2537 Corneli,
1049 2474 1080 2524 id
1096 2475 1169 2539 quod

95 2538 298 2606 Verluirzungen
308 2540 387 2592 durch
397 2544 420 2590 ie
430 2540 501 2592 nicht
515 2542 605 2592 selten.
657 2541 764 2591 tandem
774 2539 919 2606 aliquando
930 2542 1081 2605 confitetur,
1091 2542 1167 2591 illam

132 2607 293 2659 Camertem.-
311 2623 357 2660 aus
368 2608 606 2673 Camerinum,J'etzt
655 2611 707 2658 eidi
733 2609 884 2670 officiosam
901 2612 1070 2674 provinciam
1088 2608 1168 2674 depo·

95 2676 236 2739 Camerino,
254 2676 280 2727 in
291 2676 418 2728 Umbrien.
453 2676 499 2727 Die
514 2675 605 2728 beiden
655 2678 755 2742 percit,
780 2682 826 2736 ut,
845 2692 904 2726 cum
920 2680 1010 2742 pruma
1029 2677 1087 2727 luce
1106 2692 1167 2726 con·

95 2743 182 2810 Lente,
200 2742 271 2812 Sept.
289 2744 342 2796 und
353 2743 415 2811 Jul,
433 2749 506 2798 sonst
523 2744 604 2796 unbe·
656 2744 739 2794 sulem
765 2745 912 2794 sotietatem
939 2747 1055 2806 veniret,
1083 2747 1167 2794 intro·

94 2811 197 2865 kannt.'‘
654 2815 751 2862 missua
769 2817 795 2862 et
810 2827 868 2862 meo
886 2829 960 2864 merc
979 2818 1007 2863 ot
1022 2816 1082 2863 iure
1101 2816 1167 2862 cmi-

130 2882 154 2932 2.
173 2880 307 2931 obsidere.-
326 2880 374 2932 wie
392 2883 435 2945 45,
453 2883 478 2932 2.
656 2882 736 2930 attiae
753 2896 794 2931 me
812 2883 840 2930 tn
858 2896 914 2932 meo
934 2881 1029 2931 lectulo
1049 2881 1167 2931 trucida-

131 2964 189 2998 cum
209 2949 259 3000 telo
282 2965 349 2999 esee:
374 2949 425 2999 wie
448 2963 476 3000 es
498 2948 524 2999 in
546 2947 604 3001 dem
655 2953 704 2998 ret.

96 3015 162 3066 alten
182 3015 287 3067 Cesetze
306 3016 393 3078 heisst‚
413 3015 463 3068 Cic.
473 3033 499 3083 p.
510 3016 560 3068 Mil.
577 3021 603 3080 4,
696 3017 778 3081 Varg.
797 3022 921 3067 senator:
956 3015 1007 3068 Cic.
1026 3016 1052 3066 in
1070 3016 1124 3068 Cat.
1144 3020 1167 3081 1,

98 3086 141 3148 11,
164 3100 231 3148 quae
250 3123 256 3135 .
275 3122 281 3134 .
300 3120 308 3136 .
326 3101 381 3134 cere
404 3100 463 3134 cum
489 3085 539 3135 talo
558 3086 604 3135 Ιιο-
657 3087 715 3147 4,9
743 3088 802 3151 sagt
826 3083 867 3134 bei
893 3083 1059 3150 Celegeuheit
1085 3085 1168 3137 dieser

94 3155 175 3201 minis
193 3151 332 3202 occidendi
349 3168 430 3202 cauca
449 3159 528 3204 vetat.
656 3151 738 3204 Sacbe
756 3153 809 3202 duo
828 3156 976 3217 equitem
994 3152 1043 3204 den
1054 3152 1167 3219 Vargun-

130 3222 192 3269 item
211 3219 279 3269 aliea·
296 3221 403 3269 iubere.-
432 3219 523 3273 kurzer
541 3223 605 3272 Aus-
656 3220 723 3272 teins
741 3236 773 3271 zu
785 3223 824 3286 17,
835 3223 861 3284 3)
879 3224 959 3271 neunt
976 3235 1003 3271 er
1021 3226 1055 3288 (p.
1067 3219 1130 3272 Sull.
1143 3225 1168 3285 2,

96 3284 189 3350 druch,
215 3286 263 3337 wie
281 3286 332 3338 Cic.
351 3286 382 3338 de
406 3287 450 3340 fin.
468 3292 492 3355 5,
512 3292 552 3351 26,
572 3292 604 3341 'lb
658 3289 684 3351 6)
704 3303 751 3340 nur
768 3288 806 3340 als
824 3288 953 3340 einendcr
971 3288 1167 3340 notorischMit·

94 3355 163 3404 mibi
171 3370 232 3403 vero
243 3357 295 3404 ista
309 3354 388 3404 ualde
402 3357 518 3421 probato
527 3363 606 3420 eurtt3
656 3356 869 3408 verschworenen
879 3356 1031 3422 uberhaupt,
1040 3356 1092 3408 und
1101 3357 1167 3408 ohne

96 3421 169 3487 quod
184 3423 246 3472 item
263 3422 349 3484 [ratri
362 3428 439 3487 puto.
474 3425 532 3491 Vgl.
550 3425 604 3491 lug.
657 3423 764 3490 Angabe
782 3425 865 3476 seines
883 3424 999 3476 Staudes.
1200 3453 1204 3471 ι

93 3493 154 3550 loo,
172 3493 196 3541 d.
690 3493 854 3543 salutatum:
880 3491 925 3543 Die
943 3491 1098 3543 vomehmen
1116 3491 1167 3542 Rb-
1221 3524 1222 3527 =

130 3561 153 3610 3.
172 3560 332 3622 intempesta
351 3563 444 3608 nocte:
472 3558 514 3619 ,in
531 3558 605 3611 tieler
656 3575 710 3611 mer
745 3559 890 3626 empfingen
925 3559 1092 3626 regelmdssig
1125 3574 1166 3610 arn

95 3623 193 3677 Nacht“
215 3626 274 3688 (wie
293 3628 334 3692 32,
355 3628 391 3691 t),
416 3626 478 3677 iiber
495 3626 541 3678 das
558 3626 605 3677 Da·
655 3626 776 3694 Morgen,
793 3629 857 3679 auch
876 3626 956 3678 schon
974 3642 1021 3678 vor
1038 3626 1167 3693 Tagesan·

95 3698 150 3744 tum
168 3693 298 3746 denselben
317 3710 337 3747 s.
356 3710 388 3746 zu
406 3696 447 3756 29,
467 3697 490 3746 1.
655 3695 735 3746 bruch
760 3695 849 3761 (daher
873 3693 966 3756 officia
985 3696 1166 3760 antelucana),

130 3760 259 3813 Laecam:
298 3762 352 3814 Nur
377 3762 456 3814 durch
481 3762 525 3814 ihn
552 3761 604 3814 und
655 3761 697 3814 die
715 3764 883 3829 huswartung
899 3762 966 3814 ihrer
982 3762 1096 3815 Clienten
1114 3763 1167 3816 und

96 3828 170 3882 einen
187 3829 306 3883 frdheren
316 3831 483 3884 Volkstribun
500 3831 534 3883 ist
552 3831 604 3883 die·
656 3830 762 3883 anderen
779 3831 860 3883 Gnnst
877 3829 1036 3882 Suchenden.
