2602 4358
357 25 398 77 nn
416 24 516 77 uncto
535 23 687 77 ruounrn.
723 24 749 77 c.
769 28 878 82 5345.
988 1 990 6 ’
1093 23 1154 84 155

87 217 149 260 non
163 204 274 276 posset,
297 208 448 276 praeterea
462 198 600 277 iniquum
612 205 763 259 certamen
778 196 835 258 sibi
851 216 917 258 cunr
933 199 1078 273 hostibus,
1102 202 1158 262 mi·
1232 260 1234 263 .

89 302 162 345 nore
177 283 352 344 detrimento
369 283 435 344 illos
449 284 528 344 vinei
543 302 631 363 quam
647 301 717 344 suos
732 282 859 356 vincere,
875 283 976 344 statuit
991 303 1051 346 non
1067 304 1157 364 proe-

86 368 134 428 liis
149 386 247 447 neque
262 367 341 442 acie,
357 369 408 429 sed
424 368 480 429 alio
496 386 579 429 more
594 367 703 431 bellum
719 368 895 445 gerundum.
929 368 1031 448 ltaque
1046 369 1077 430 in
1092 371 1157 433 loca
1171 383 1187 436 6

85 453 239 515 Numidiae
255 454 487 533 opulentissuma
506 453 617 533 pergit,
640 471 726 530 agros
741 462 849 528 vastat,
872 453 967 515 multa·
989 455 1107 517 castella
1129 466 1158 518 et

86 540 204 619 oppida,
220 547 330 600 temere
346 539 460 600 munita
475 547 526 599 aut
536 539 600 599 sine
611 538 768 618 praesidio,
785 539 863 617 capit
877 538 1084 620 incenditque;
1101 560 1157 620 pu·

85 624 171 686 heres
187 624 313 685 interfici
329 623 424 697 iubet,
447 623 501 684 alia
517 623 615 685 omnia
630 623 755 684 militum
771 624 908 702 praedam
928 642 1002 685 esse.
1039 625 1081 686 Ea
1097 627 1157 686 for·

85 709 196 770 midine
218 710 302 770 multi
323 708 460 770 mortales
482 708 623 770 Romanis
645 708 735 770 dediti
762 708 895 782 obsides;
924 710 1107 771 frumentum
1129 722 1158 772 et

86 794 150 867 alia,
168 812 243 873 quae
258 795 327 855 usui
341 794 448 871 forent,
464 794 582 855 adlatim
596 794 743 874 praebita3
766 793 947 872 ubicumque
962 812 1010 855 res
1025 797 1157 874 postula·

86 878 150 954 bat,
174 878 351 958 praesidium
375 880 546 959 inpositum.
591 879 672 951 Quae
694 878 810 957 negotia
831 878 924 939 multo
950 879 1043 958 magis
1070 896 1186 959 quaml
1231 877 1240 904 ⁸

86 965 233 1043 proelium
248 964 323 1025 male
339 972 502 1043 pugnatum
515 965 551 1025 ab
563 965 624 1027 suis
637 983 736 1043 regem
752 963 917 1027 terrebant:
934 965 1055 1045 quippe,
1072 967 1187 1031 cuiust

85 1068 154 1129 spes
171 1051 266 1110 omnis
282 1050 312 1109 in
329 1050 397 1129 luga
412 1050 467 1112 sita
482 1058 553 1123 erat,
569 1050 653 1128 sequi
669 1049 830 1128 cogebatur
845 1057 882 1125 et,
899 1049 950 1129 qui
966 1069 1019 1111 sua
1030 1052 1094 1113 loca
1106 1052 1157 1112 de·

86 1135 207 1196 lendere
223 1135 408 1215 nequiverat,
432 1135 463 1196 in
486 1135 589 1196 alienis
611 1134 721 1195 bellum
744 1152 857 1212 gerere.
895 1134 1004 1197 'lamen
1022 1155 1057 1197 ex
1072 1136 1187 1216 copiae
1251 1163 1256 1174 ,

85 1221 163 1297 quod
180 1228 335 1299 optumum
352 1219 502 1281 videbatur
517 1219 672 1280 consilium
689 1221 781 1298 capit:
806 1219 965 1281 exercitum
981 1220 1158 1301 plerumque

86 1304 118 1365 in
134 1305 226 1366 isdem
243 1306 316 1365 locis
332 1305 460 1384 opperiri
477 1305 576 1379 iubet3
592 1304 657 1384 ipse
672 1323 740 1366 curn
756 1304 875 1365 delectis
892 1305 1040 1383 equitibus
1055 1307 1157 1368 Metel·

84 1388 146 1450 lum
168 1391 316 1469 sequitur;
339 1390 493 1451 nocturnis
516 1398 544 1452 et
564 1389 635 1451 aviis
657 1389 813 1452 itineribus
834 1389 987 1467 ignoratus
1009 1390 1158 1456 Romanos

82 1473 208 1552 palantis
236 1485 359 1553 repente
380 1475 560 1553 aggreditur.
598 1475 709 1535 Eorum
732 1476 867 1555 plerique
888 1474 1017 1535 inermes
1038 1477 1156 1551 cadunt,
1174 1490 1203 1541 td

84 1559 169 1621 multi
185 1559 361 1640 capiuntur,
386 1579 472 1621 nemo
489 1560 620 1623 omnium
644 1561 772 1622 intactus
790 1559 939 1640 profugit,
961 1568 990 1622 et
1004 1559 1156 1635 Numidae,
1263 1632 1266 1637 ¹

85 1645 169 1724 prius
185 1664 272 1725 quam
288 1664 324 1706 ex
339 1645 442 1706 eastris
457 1646 673 1720 subveniretur,
697 1645 783 1707 sicuti
799 1644 872 1707 iussi
888 1654 981 1719 erant,
997 1644 1028 1707 in
1044 1664 1156 1726 proxu-

83 1749 148 1792 mos
163 1730 247 1792 collis
263 1730 426 1792 discedunt.

169 1816 288 1876 lnterim
306 1815 415 1876 Romae
432 1815 570 1893 gaudium
594 1815 699 1894 ingens
720 1822 819 1875 ortum
842 1814 967 1892 cognitis
982 1816 1091 1878 Metelli
1107 1836 1155 1878 re·
1170 1819 1207 1876 65

85 1899 151 1972 bus,
168 1911 201 1962 ut
216 1919 307 1980 seque
323 1910 352 1962 et
367 1901 527 1962 exercitum
544 1919 626 1962 more
640 1901 785 1961 maiorum
801 1911 927 1978 gereret,
944 1910 976 1962 ut
990 1901 1021 1962 in
1031 1901 1156 1962 advorso

85 1984 151 2045 loco
167 1986 261 2048 victor
273 1995 373 2047 tamen
389 1987 495 2048 virtute
511 1987 630 2063 luisset,
646 1986 777 2047 hostium
792 2003 863 2063 agro
878 1985 1034 2064 potiretur,
1050 1986 1156 2065 lugur-

86 2070 180 2143 tham,
196 2071 384 2150 magnificum
402 2091 437 2133 ex
452 2071 549 2132 Albini
565 2071 718 2144 socordia,
734 2088 816 2149 spem
832 2069 934 2131 salutis
949 2070 981 2131 in
996 2071 1156 2134 solitudine
1263 2074 1266 2079 ’

85 2163 135 2214 aut
150 2157 218 2232 luga
233 2157 380 2234 coegisset
394 2156 512 2218 hebere.
538 2157 640 2236 ltaque
656 2167 777 2218 senatus
793 2155 830 2216 oh
847 2173 880 2216 ea
895 2155 1020 2218 feliciter
1034 2166 1096 2218 acta
1113 2157 1157 2221 dis
1171 2168 1187 2220 2
1247 2227 1249 2231 ,

85 2238 291 2300 inmortalibus
304 2240 450 2319 supplicia
462 2242 631 2317 decernere,
649 2240 748 2302 civitas
764 2241 877 2320 trepida
890 2249 976 2302 antea
992 2249 1021 2303 et
1033 2242 1157 2304 sollicita

86 2324 121 2383 de
136 2322 205 2384 belli
221 2334 327 2385 eventu
343 2326 416 2385 laeta
432 2343 528 2402 agere,
544 2327 580 2386 de
595 2326 712 2387 Metello
728 2326 802 2386 lema
819 2325 967 2403 praeclara
983 2345 1057 2390 esse.

117 2477 140 2527 6.
169 2480 280 2525 temore:
308 2474 390 2536 „ohne
418 2474 595 2542 Ueberlegung
680 2473 813 2539 palantis:
831 2489 863 2524 zu
883 2476 923 2534 18,
941 2476 965 2525 2.

84 2541 136 2592 und
155 2541 233 2594 daher
252 2542 451 2594 unordentlich“.
684 2545 723 2594 10.
743 2545 874 2591 intactus:
903 2541 1093 2607 „ungetroffem
1112 2558 1158 2594 un-

118 2627 149 2660 θα
167 2610 328 2671 formidine:
345 2637 380 2657 =
396 2610 543 2671 fumidinc
561 2626 596 2660 etc
647 2608 816 2661 verwundet“
834 2609 884 2673 wie
901 2612 943 2672 67,
962 2612 985 2661 3.

82 2681 120 2727 eis
138 2679 216 2729 rodus
234 2685 311 2741 ortas
328 2694 393 2746 gana
411 2677 597 2745 entsprechend
682 2677 729 2732 55.
750 2681 772 2729 1.
790 2680 819 2727 in
838 2677 951 2728 advorso
965 2678 1038 2728 loeo:
1057 2678 1159 2730 vertritt

82 2745 140 2798 dem
158 2763 210 2812 quo
229 2749 345 2798 mmultu
364 2746 417 2798 Cet.
436 2750 477 2811 43,
496 2749 525 2807 2;
544 2762 596 2813 quo
649 2746 722 2797 einen
741 2745 941 2798 Concessivsatz.
976 2743 1010 2797 So
1026 2745 1156 2810 Liv.1,17

82 2821 153 2864 metu
170 2815 224 2881 lug.
245 2818 302 2879 114,
323 2820 344 2867 1.
649 2818 678 2864 in
697 2817 780 2864 uerita
797 2814 978 2865 voluntatibus
995 2818 1110 2879 regnari
1119 2821 1158 2866 ta-

116 2886 139 2934 8.
159 2888 265 2949 quippe,
284 2888 361 2934 euius
379 2887 428 2935 etc.
464 2882 508 2934 llie
524 2880 596 2934 Satn·
646 2898 706 2932 mon
726 2897 816 2933 omnec
824 2883 948 2933 colebant
961 2883 1016 2944 ,bei
1027 2883 1088 2934 aller
1097 2882 1157 2934 Ver-

82 2951 181 3017 idgung
198 2966 263 3017 gana
281 2952 331 3003 wie
350 2951 403 3003 Cat.
426 2953 464 3015 13,
483 2953 507 3002 2.
646 2949 820 3002 schiedenheit
838 2989 844 3003 .
864 2989 870 3002 .
889 2951 994 3002 wollten
1019 2950 1085 3003 doch
1109 2951 1158 3003 alle

115 3034 165 3067 cua
184 3018 258 3069 loca.-
275 3045 309 3064 =
325 3019 423 3069 idonea
437 3025 462 3068 et
479 3021 531 3069 sibi
550 3035 594 3084 op·
646 3023 711 3071 ete.“

81 3091 199 3150 portuno
219 3086 294 3148 loca;
313 3086 424 3138 naehher
441 3087 537 3137 alicnis
550 3087 594 3138 das
679 3085 872 3150 magnifieum:
892 3101 923 3137 zu
941 3089 983 3149 31,
1004 3090 1044 3138 10.

82 3153 247 3219 Gegentlreil;
275 3155 328 3220 vgl.
347 3157 388 3219 61,
408 3159 433 3214 1;
458 3158 500 3219 66,
521 3159 542 3207 1.
561 3183 594 3193 -
680 3158 704 3207 2.
723 3154 874 3219 supplicia:
892 3179 926 3199 =
938 3155 1157 3218 supplicationes,

81 3221 155 3273 Auch
182 3221 208 3272 in
241 3222 383 3282 defendere
413 3222 464 3274 und
498 3224 594 3273 bellum
646 3221 822 3274 bestehendin
836 3220 1087 3288 leierliehendplern
1106 3222 1158 3273 und

79 3305 176 3355 gerere
193 3290 256 3357 liegt
267 3289 308 3341 ein
323 3289 434 3342 scitarier
444 3289 594 3369 Gegensatz,
647 3289 793 3356 nutrimen,
819 3288 966 3340 verbunden
985 3289 1031 3339 mit
1048 3289 1157 3341 Einstel·

81 3357 168 3410 indem
185 3359 231 3410 das
254 3359 372 3422 letztere,
397 3357 445 3409 wie
471 3358 526 3409 sich
549 3373 594 3410 aus
645 3358 709 3423 lung
719 3357 763 3409 der
773 3357 862 3408 Arbeit
871 3356 923 3408 und
940 3356 985 3408 der
994 3355 1157 3409 offentlichen

84 3430 160 3491 requi
179 3429 324 3492 negabatur
348 3425 400 3476 und
424 3440 469 3477 aus
488 3426 504 3492 6
523 3429 538 3478 9
558 3441 595 3477 er·
647 3425 790 3477 deschnste.

84 3494 168 3560 giebt,
193 3495 241 3547 den
261 3493 447 3559 Offensivluieg
466 3493 595 3546 bedentet.
681 3494 768 3544 lacto:
786 3491 824 3542 als
835 3489 1022 3542 Nominativzu
1042 3491 1157 3556 nepueu,

69 3588 70 3593 =
117 3565 141 3613 9.
160 3579 194 3612 nc
212 3567 307 3630 copto:
325 3578 356 3613 zu
376 3565 417 3627 39,
436 3565 459 3614 5.
648 3561 696 3613 wie
715 3562 731 3623 §
750 3564 764 3612 7
784 3559 893 3624 divorsi,
912 3557 952 3610 Or.
965 3558 1053 3624 Lep-2
1073 3559 1158 3624 lidori,

115 3631 146 3679 in
165 3631 245 3682 isdem
264 3631 345 3682 locis:
362 3655 396 3676 =
413 3645 468 3681 aon
486 3633 595 3680 mutatis
648 3626 688 3679 Or.
709 3627 801 3679 docnt
822 3629 954 3692 priuatus,
973 3625 1063 3678 ebend.
1081 3631 1096 3680 5
1116 3631 1157 3678 in-

82 3697 155 3748 locis.
648 3702 740 3761 tagam
766 3693 819 3761 vgl.
844 3694 910 3746 auch
931 3693 994 3748 llist.
1019 3694 1108 3762 fragm.
1135 3698 1157 3758 l,
