2602 4358
372 165 414 218 nn
432 165 532 218 netto
549 164 700 220 rucuarn.
736 167 762 218 c.
782 169 823 219 ro.
842 169 883 219 re.
1105 162 1164 226 177

95 338 192 398 medio
204 339 377 418 harenosus,
394 357 453 399 una
465 340 579 418 specie;
597 357 693 418 neque
704 340 815 401 llumen
828 357 925 418 neque
933 357 1019 400 mons
1032 347 1102 416 erat,
1116 342 1166 420 qui

95 424 162 483 linis
175 442 277 484 eorum
289 423 487 498 discerneret;
504 442 636 503 quaeres
649 443 699 485 eos
711 424 742 485 in
754 442 861 502 magno
873 424 1073 504 diuturnoque
1088 425 1165 486 bello

96 507 173 569 inter
188 527 219 569 se
235 508 345 570 hahuit.
375 508 534 587 Postquam
551 509 700 588 utrimque
712 509 854 588 legiones,
870 509 938 570 item
956 510 1064 571 classes
1079 529 1165 590 saepe
1180 521 1195 573 4

96 593 177 653 lusae
192 593 384 674 fugataeque,
402 601 430 654 et
445 592 528 655 alteri
545 594 651 654 alteros
666 594 848 672 aliquantum
863 595 1048 668 attriverant,
1070 595 1165 671 veriti,

96 697 134 738 ne
149 697 218 738 mox
232 679 323 739 victos
338 679 524 757 victoresque
540 679 670 740 defessos
685 678 760 739 alius
775 679 993 756 aggrederetur,
1009 697 1062 758 per
1077 680 1165 741 indu-

95 764 150 824 tias
165 763 357 843 sponsionem
372 762 494 838 laciunt,
517 763 560 824 uti
576 771 657 824 certo
673 763 719 824 die
734 763 822 842 legati
837 763 925 823 domo
941 765 1166 843 proficisceren-

95 856 161 923 tur;
178 867 237 927 quo
253 848 364 909 inloco
379 847 504 909 intense
519 848 596 909 obvii
611 848 753 923 luissent,
776 848 800 908 is
823 848 988 909 communis
1010 850 1166 929 utriusque

95 934 199 1013 populi
214 934 281 994 finis
297 933 463 995 haberetur.
500 933 594 1012 lgitur
609 933 783 1011 Carthagine
799 933 857 994 duo
873 933 977 994 iratres
991 934 1083 1008 missi,
1100 935 1196 1013 qui-o

95 1017 152 1078 hus
168 1037 276 1079 nornen
292 1017 441 1080 Philaenis
457 1027 534 1093 erat,
550 1027 732 1080 maturavere
748 1019 804 1079 iter
818 1036 958 1098 pergere;
982 1018 1167 1098 Cyrenenses

95 1097 298 1164 tardius'iere.
339 1103 371 1164 ld
384 1104 560 1166 socordiane
582 1123 620 1165 an
636 1122 706 1165 casu
728 1103 882 1180 acciderit,
905 1121 1009 1183 parum
1031 1104 1165 1183 cognovi.

97 1187 232 1248 Ceterum
255 1188 330 1249 solet
351 1190 382 1249 in
398 1189 455 1250 illis
470 1189 544 1250 locis
559 1197 716 1269 tempestas
731 1189 808 1250 haud
824 1207 910 1250 secus
931 1196 1019 1268 atque
1040 1188 1070 1250 in
1093 1189 1196 1252 mario

95 1273 234 1334 retinere.
271 1273 343 1334 Nam
359 1273 410 1334 ubi
425 1293 479 1354 per
494 1274 558 1335 loca
573 1274 704 1355 aequalia
719 1283 748 1334 et
768 1274 844 1335 nuda
861 1274 1045 1352 gignentium
1062 1285 1166 1337 ventus

96 1369 216 1420 coortus
231 1359 369 1419 harenam
385 1359 476 1420 humo
493 1359 635 1433 excitavit,
652 1377 685 1419 ea
699 1377 805 1436 magna
820 1359 847 1418 vi
862 1358 968 1436 agitata
982 1377 1033 1419 ora
1049 1359 1165 1420 oculos·

97 1462 155 1522 que
166 1443 280 1523 inplere
295 1445 371 1504 solet
377 1461 385 1518 ;
402 1444 440 1504 ita
456 1453 615 1523 prospectu
631 1443 772 1522 impedito
788 1443 896 1503 morari
912 1443 977 1503 iter.
1007 1443 1167 1522 Postquam
1182 1458 1195 1508 t

97 1529 280 1607 Cyrenenses
295 1528 446 1607 aliquanto
461 1529 642 1608 posteriores
657 1547 689 1589 se
705 1546 769 1588 esse
784 1528 884 1588 rident
906 1536 934 1588 et
955 1526 993 1587 ob
1014 1546 1075 1588 rem
1100 1546 1167 1588 cor·

96 1621 213 1692 ruptam
241 1613 320 1674 domi
341 1632 453 1693 poenas
475 1623 628 1688 metuunt,
655 1613 804 1674 criminari
828 1610 1075 1691 Carthaginiensis
1099 1622 1167 1674 ante

95 1707 213 1777 tempus
229 1699 316 1760 domo
332 1699 496 1778 digressos,
520 1698 697 1760 conturbare
712 1717 790 1774 rem,
814 1697 941 1777 denique
961 1697 1059 1758 omnia
1081 1697 1167 1759 malle

96 1802 183 1862 quam
207 1783 273 1845 victi
296 1784 385 1845 abire.
430 1784 489 1845 Sed
511 1802 579 1845 cum
593 1783 686 1844 Poeni
706 1782 792 1843 aliam
809 1782 1031 1858 condicionem,
1054 1790 1198 1846 tantumss
1271 1852 1274 1855 ,

96 1868 184 1928 modo
199 1887 340 1948 aequam,
357 1877 508 1949 peterent,
525 1867 627 1930 Graeci
651 1868 802 1948 optionem
818 1867 1103 1945 Carthaginiensium
1125 1867 1167 1930 fa·

98 1952 190 2029 ciunt,
212 1963 245 2015 ut
259 1955 304 2015 vel
320 1954 372 2030 illi,
395 1972 470 2032 quos
485 1953 553 2014 finis
568 1953 680 2033 populo
695 1972 750 2014 sno
765 1961 910 2032 peterent,
932 1952 972 2012 ibi
988 1951 1043 2011 vivi
1059 1952 1168 2014 obrue·

97 2045 211 2114 rentur,
225 2038 270 2100 vel
286 2039 385 2100 eadem
402 2038 576 2100 condicione
594 2057 668 2115 sese,
693 2056 780 2118 quern
796 2038 941 2098 inlocum
957 2036 1074 2112 vellent,
1097 2055 1167 2117 pro·

98 2141 243 2195 cessuros.
280 2123 413 2185 Philaeni
431 2123 607 2185 condicione
621 2122 742 2203 probata
758 2138 849 2201 seque
865 2123 1011 2200 vitamque
1026 2140 1110 2182 suam
1125 2122 1168 2184 rei
1183 2137 1200 2188 9

98 2207 233 2287 publicae
245 2210 463 2270 condonavere:
481 2209 519 2269 ita
530 2208 585 2269 vivi
596 2207 705 2270 obruti.
736 2205 992 2286 Carthaginienses
1007 2206 1038 2268 in
1050 2225 1085 2268 eo
1102 2207 1167 2268 loco
1185 2222 1214 2273 to

97 2291 246 2353 Philaenis
260 2295 400 2355 fratribus
414 2313 479 2354 aras
494 2311 719 2368 consecravere,
741 2292 850 2372 aliique
871 2292 929 2353 illis
944 2291 1023 2366 domi
1038 2291 1168 2354 honores

98 2376 234 2438 instituti.
270 2377 357 2438 Nunc
372 2379 407 2438 ad
422 2397 484 2439 rem
498 2377 598 2438 redeo.
1190 2436 1194 2444 .

184 2460 342 2538 Iugurtha,
361 2472 515 2540 postquam
532 2463 637 2522 amissa
652 2461 742 2522 Thala
758 2461 831 2521 nihil
846 2462 915 2522 setis
929 2463 1048 2521 firmum
1064 2469 1167 2522 contra
1183 2469 1220 2527 8⁰

99 2544 248 2606 Metellum
270 2552 368 2625 putat,
393 2564 447 2625 per
468 2564 587 2624 magnas
610 2545 784 2607 solitudines
806 2563 874 2606 cum
896 2545 997 2624 paucis
1018 2545 1169 2624 proiectus

98 2630 233 2710 pervenit
247 2631 281 2692 ad
299 2629 453 2706 Gaetulos,
475 2647 570 2707 genus
585 2630 739 2691 hominum
755 2629 850 2690 lerum
869 2629 1072 2708 incultumque
1088 2639 1117 2692 et
1133 2649 1168 2691 eo

135 2749 158 2797 3.
185 2761 240 2796 aena
264 2748 364 2812 speeie:
391 2745 538 2797 bezeichnet
563 2743 608 2796 das
660 2743 1171 2810 stellernalleVegetebilien,als,‚lleim·

99 2812 288 2876 Wechsellose‚
309 2814 355 2866 das
373 2813 608 2865 unnnterbrochene
662 2811 818 2876 treibende“,
839 2812 893 2863 also
912 2811 1045 2876 Pllanzen,
1067 2812 1170 2868 Bhume.

99 2881 208 2933 Einerlei
226 2882 271 2934 des
289 2882 444 2934 hussehens.
696 2884 719 2932 l.
746 2881 901 2946 aliquanto:
930 2879 978 2933 ller
1004 2880 1171 2935 Unterschied

134 2953 158 3001 4.
177 2949 306 3011 deferres:
324 2951 525 3017 vgl.Cat.39,l.
549 2947 609 3000 ller-
661 2948 860 3014 warallerdings
874 2947 1029 3000 ansehnlich
1048 2948 1171 3018 DerWeg

100 3017 170 3069 selbe
187 3017 307 3071 Cedanke
324 3019 378 3071 Liv.
392 3021 466 3083 1,23,
485 3015 608 3069 wellet·
663 3032 712 3068 ron
731 3015 870 3068 Philaenon
889 3017 953 3067 Arae
978 3016 1016 3068 bis
1042 3016 1171 3086 Karthago

99 3085 150 3136 tius
176 3086 290 3139 Fufetius
321 3103 377 3138 zum
410 3085 493 3152 Kdnig
519 3084 610 3136 Tullus
661 3085 762 3152 hetragt
780 3083 900 3151 beiliufig
916 3085 963 3137 180
973 3085 1171 3152 gengullleilen,

101 3153 210 3218 spricht‘
224 3170 339 3215 ,memor
367 3161 438 3218 erto,
468 3157 522 3204 iarn
550 3168 609 3203 eune
661 3152 725 3204 nach
736 3153 834 3221 Cyrene
843 3167 926 3219 gegen
936 3155 968 3206 80
978 3167 1063 3218 geogr.
1072 3153 1171 3206 Meilen.

100 3224 207 3284 rignum
233 3238 341 3287 pugnae
364 3224 452 3287 dabie,
477 3223 525 3272 leae
544 3221 610 3271 duee
696 3223 873 3273 conturbare:
895 3219 937 3272 Sic
954 3220 1075 3273 brachten
1093 3221 1172 3274 durch

101 3292 172 3338 ecies
196 3287 346 3355 epeoleenlo
368 3291 444 3356 fere,
474 3295 505 3341 ut
527 3288 611 3350 ferere
661 3288 790 3340 Einwilrle
808 3287 1023 3340 undZinkereien
1041 3288 1172 3341 dieSnche

102 3355 287 3422 confectosque
313 3359 393 3408 eimnl
425 3361 551 3408 victorem
579 3373 611 3407 ac
662 3371 691 3408 so
710 3357 736 3407 in
754 3356 931 3420 Verwirrung,
955 3353 1013 3406 dass
1039 3357 1095 3407 eine
1112 3357 1173 3408 Ilot-

101 3427 200 3474 oietnm
219 3425 419 3490 aggredientur
436 3424 564 3490 (Terei)“.
662 3424 803 3490 scheidung
820 3422 966 3489 unmdglich
985 3423 1080 3476 wurde.

136 3496 160 3545 o.
186 3497 239 3543 iter
255 3509 381 3559 pergere:
411 3492 489 3544 Sonat
506 3490 614 3543 hraucht
697 3495 722 3545 8.
760 3491 1039 3556 Carthaginiensium:
1084 3490 1172 3544 (leuet.

102 3559 163 3613 Sall.
181 3577 229 3613 nur
245 3577 359 3626 pergere
377 3561 443 3612 ohne
460 3561 550 3612 Aecus.
662 3574 774 3678 ppssess.
792 3575 824 3610 zu
841 3558 955 3619 faciunt.
983 3557 1025 3609 Sie
1036 3559 1173 3625 legteodie

137 3631 160 3680 6.
188 3633 319 3680 retinere:
343 3628 393 3680 llas
412 3628 467 3692 obj.
485 3627 562 3679 leicht
580 3642 611 3678 nu
697 3627 739 3678 ahl
756 3628 782 3678 in
800 3626 841 3677 die
859 3625 946 3677 lliode
964 3624 1008 3676 der
1025 3626 1172 3694 Karthager.

102 3697 240 3763 supplicen.
366 3718 368 3720 ’
698 3711 763 3759 qnos
781 3695 859 3756 finis:
876 3694 921 3744 aul
936 3695 975 3743 idi
992 3717 1026 3738 ι-
1043 3698 1071 3746 in
1090 3699 1127 3746 eis
1140 3711 1172 3748 zu

135 3769 321 3829 gignentium:
336 3762 613 3827 bezeichnethier,wie
663 3762 792 3814 heziehen.

103 3834 145 3897 93,
155 3835 179 3897 l,
197 3833 249 3884 und
259 3833 323 3884 auch
333 3833 374 3884 bei
386 3831 496 3884 anderen
506 3829 611 3882 Schrilt·
698 3828 744 3885 80.
775 3835 795 3882 l.
816 3829 956 3881 Gaetulos:
977 3831 1016 3894 ta,
1034 3833 1059 3884 9.

153 3926 243 3968 senen.
269 3928 289 3968 r.
301 3926 359 3968 run.
989 3917 1019 3968 12
